datetime,ask,bid
10.01.2021 00:00:00.039,14729.651000000002,14726.178999999998
10.01.2021 00:00:00.089,14729.591,14726.149
10.01.2021 00:00:00.184,14727.611,14724.188999999998
10.01.2021 00:00:00.234,14727.631000000001,14724.149
10.01.2021 00:00:00.344,14727.673,14724.589
10.01.2021 00:00:00.394,14728.051000000001,14724.579
10.01.2021 00:00:00.504,14727.813,14725.018999999998
10.01.2021 00:00:00.554,14728.521,14725.089
10.01.2021 00:00:00.663,14728.533000000001,14725.999
10.01.2021 00:00:00.714,14729.231000000002,14725.719
10.01.2021 00:00:00.827,14727.641000000001,14724.208999999999
10.01.2021 00:00:00.877,14727.681,14724.169
10.01.2021 00:00:00.983,14727.133,14724.128999999999
10.01.2021 00:00:01.034,14727.081,14723.708999999999
10.01.2021 00:00:01.295,14727.183,14723.829
10.01.2021 00:00:01.396,14726.871000000001,14723.389
10.01.2021 00:00:01.499,14726.883,14724.559
10.01.2021 00:00:01.549,14728.051000000001,14724.788999999999
10.01.2021 00:00:01.649,14728.621000000001,14725.128999999999
10.01.2021 00:00:01.956,14728.321000000002,14724.868999999999
10.01.2021 00:00:02.774,14728.313,14725.028999999999
10.01.2021 00:00:02.825,14728.531,14725.038999999999
10.01.2021 00:00:02.946,14728.141000000001,14724.669
10.01.2021 00:00:03.425,14728.153,14725.038999999999
10.01.2021 00:00:03.475,14728.531,14725.089
10.01.2021 00:00:03.606,14728.161,14724.618999999999
10.01.2021 00:00:03.744,14728.113000000001,14725.128999999999
10.01.2021 00:00:03.794,14728.681,14725.118999999999
10.01.2021 00:00:04.065,14727.891000000001,14724.319
10.01.2021 00:00:04.115,14727.791000000001,14724.329
10.01.2021 00:00:04.597,14728.111,14724.628999999999
10.01.2021 00:00:04.772,14727.891000000001,14724.409
10.01.2021 00:00:04.926,14728.131000000001,14724.669
10.01.2021 00:00:05.063,14727.871000000001,14724.399
10.01.2021 00:00:05.114,14727.811000000002,14724.409
10.01.2021 00:00:05.489,14727.641000000001,14724.327
10.01.2021 00:00:05.539,14727.651000000002,14724.169
10.01.2021 00:00:05.649,14727.201000000001,14723.729
10.01.2021 00:00:05.700,14727.201000000001,14723.778999999999
10.01.2021 00:00:05.970,14726.851,14723.329
10.01.2021 00:00:06.020,14726.791000000001,14723.389
10.01.2021 00:00:06.129,14726.873,14724.038999999999
10.01.2021 00:00:06.179,14727.581,14724.038999999999
10.01.2021 00:00:06.290,14727.483,14724.368999999999
10.01.2021 00:00:06.340,14727.811000000002,14724.358999999999
10.01.2021 00:00:06.464,14727.803,14725.229
10.01.2021 00:00:06.514,14728.741000000002,14725.249
10.01.2021 00:00:06.636,14728.503,14725.348999999998
10.01.2021 00:00:06.686,14728.781,14725.319
10.01.2021 00:00:06.782,14728.551000000001,14725.028999999999
10.01.2021 00:00:06.832,14728.501,14725.028999999999
10.01.2021 00:00:06.944,14728.513,14725.618999999999
10.01.2021 00:00:06.995,14729.041000000001,14725.528999999999
10.01.2021 00:00:07.263,14729.033000000001,14726.098999999998
10.01.2021 00:00:07.314,14729.521,14726.089
10.01.2021 00:00:07.582,14729.361,14726.087
10.01.2021 00:00:07.632,14729.291000000001,14725.868999999999
10.01.2021 00:00:07.742,14729.323,14726.548999999999
10.01.2021 00:00:07.792,14730.051000000001,14726.518999999998
10.01.2021 00:00:07.900,14729.601,14726.577
10.01.2021 00:00:07.951,14729.841,14726.368999999999
10.01.2021 00:00:08.060,14729.603000000001,14727.008999999998
10.01.2021 00:00:08.111,14730.561000000002,14727.069
10.01.2021 00:00:08.228,14730.761,14727.268999999998
10.01.2021 00:00:09.131,14730.531,14727.207
10.01.2021 00:00:09.182,14730.311000000002,14727.098999999998
10.01.2021 00:00:09.293,14730.563,14727.128999999999
10.01.2021 00:00:09.344,14730.641000000001,14727.118999999999
10.01.2021 00:00:09.455,14730.633,14727.268999999998
10.01.2021 00:00:09.505,14730.791000000001,14727.249
10.01.2021 00:00:09.613,14730.311000000002,14727.098999999998
10.01.2021 00:00:09.663,14730.371000000001,14726.848999999998
10.01.2021 00:00:09.772,14730.363000000001,14727.048999999999
10.01.2021 00:00:09.823,14730.301000000001,14727.069
10.01.2021 00:00:10.386,14730.543,14727.389
10.01.2021 00:00:10.437,14730.631000000001,14727.159
10.01.2021 00:00:10.746,14730.321000000002,14726.848999999998
10.01.2021 00:00:10.797,14730.351,14727.098999999998
10.01.2021 00:00:11.089,14730.303,14727.389
10.01.2021 00:00:11.139,14730.611,14727.149
10.01.2021 00:00:11.249,14730.593,14727.698999999999
10.01.2021 00:00:11.300,14731.181,14727.628999999999
10.01.2021 00:00:12.552,14730.791000000001,14727.368999999999
10.01.2021 00:00:12.603,14730.851,14727.589
10.01.2021 00:00:13.310,14730.873,14727.719
10.01.2021 00:00:13.361,14731.001,14727.778999999999
10.01.2021 00:00:13.509,14731.291000000001,14727.909
10.01.2021 00:00:13.628,14731.353000000001,14728.178999999998
10.01.2021 00:00:13.678,14731.671,14728.188999999998
10.01.2021 00:00:13.840,14731.311000000002,14728.069
10.01.2021 00:00:13.965,14731.543,14728.389
10.01.2021 00:00:14.015,14731.661,14728.188999999998
10.01.2021 00:00:14.170,14730.861,14727.309
10.01.2021 00:00:14.283,14730.833,14727.688999999998
10.01.2021 00:00:14.334,14731.151000000002,14727.639
10.01.2021 00:00:14.500,14731.261,14727.708999999999
10.01.2021 00:00:14.831,14730.611,14727.419
10.01.2021 00:00:15.177,14730.411,14727.149
10.01.2021 00:00:15.362,14730.413,14727.489
10.01.2021 00:00:15.412,14730.721000000001,14727.229
10.01.2021 00:00:15.683,14730.591,14727.216999999999
10.01.2021 00:00:15.733,14730.641000000001,14727.198999999999
10.01.2021 00:00:16.004,14730.613000000001,14727.229
10.01.2021 00:00:16.054,14730.751,14727.268999999998
10.01.2021 00:00:17.066,14730.783000000001,14727.649
10.01.2021 00:00:17.116,14731.101,14727.669
10.01.2021 00:00:17.677,14730.801000000001,14727.687
10.01.2021 00:00:17.728,14731.061000000002,14727.548999999999
10.01.2021 00:00:18.479,14730.993,14727.649
10.01.2021 00:00:18.530,14730.901000000002,14727.669
10.01.2021 00:00:18.639,14731.133,14728.118999999999
10.01.2021 00:00:18.689,14731.531,14728.028999999999
10.01.2021 00:00:18.799,14731.533000000001,14728.608999999999
10.01.2021 00:00:18.850,14732.051000000001,14728.608999999999
10.01.2021 00:00:18.959,14731.813,14728.688999999998
10.01.2021 00:00:19.009,14732.181,14728.618999999999
10.01.2021 00:00:19.122,14731.881000000001,14728.378999999999
10.01.2021 00:00:19.279,14731.671,14728.367
10.01.2021 00:00:19.330,14731.661,14728.128999999999
10.01.2021 00:00:19.924,14731.613000000001,14728.219
10.01.2021 00:00:19.974,14731.741000000002,14728.499
10.01.2021 00:00:20.112,14732.271,14728.749
10.01.2021 00:00:20.245,14732.253,14729.098999999998
10.01.2021 00:00:20.295,14732.391000000001,14728.839
10.01.2021 00:00:20.442,14733.291000000001,14729.719
10.01.2021 00:00:20.566,14733.171,14729.806999999999
10.01.2021 00:00:20.616,14733.101,14729.708999999999
10.01.2021 00:00:20.940,14732.841,14729.319
10.01.2021 00:00:20.991,14732.881000000001,14729.319
10.01.2021 00:00:21.104,14732.681,14729.347
10.01.2021 00:00:21.154,14732.611,14729.139
10.01.2021 00:00:21.262,14732.683,14729.579
10.01.2021 00:00:21.312,14733.021,14729.538999999999
10.01.2021 00:00:21.431,14733.181,14729.678999999998
10.01.2021 00:00:21.583,14732.913,14729.878999999999
10.01.2021 00:00:21.634,14733.311000000002,14729.878999999999
10.01.2021 00:00:21.902,14733.303,14730.038999999999
10.01.2021 00:00:21.953,14733.581,14730.059
10.01.2021 00:00:22.092,14733.381000000001,14729.878999999999
10.01.2021 00:00:22.222,14733.293,14730.229
10.01.2021 00:00:22.272,14733.741000000002,14730.288999999999
10.01.2021 00:00:22.540,14733.621000000001,14730.257
10.01.2021 00:00:22.591,14733.641000000001,14730.208999999999
10.01.2021 00:00:22.701,14733.581,14730.157
10.01.2021 00:00:22.752,14733.481000000002,14730.018999999998
10.01.2021 00:00:22.898,14733.351,14730.077
10.01.2021 00:00:22.948,14733.361,14729.909
10.01.2021 00:00:23.254,14733.093,14729.839
10.01.2021 00:00:23.304,14733.111,14729.628999999999
10.01.2021 00:00:23.414,14733.173,14729.788999999999
10.01.2021 00:00:23.464,14733.231000000002,14729.798999999999
10.01.2021 00:00:23.579,14733.061000000002,14729.618999999999
10.01.2021 00:00:23.630,14732.811000000002,14729.608999999999
10.01.2021 00:00:23.743,14733.231000000002,14729.749
10.01.2021 00:00:24.142,14733.203000000001,14729.919
10.01.2021 00:00:24.192,14733.101,14729.868999999999
10.01.2021 00:00:24.303,14733.091,14729.889
10.01.2021 00:00:24.354,14733.181,14729.639
10.01.2021 00:00:25.076,14733.103000000001,14729.729
10.01.2021 00:00:25.126,14733.191,14729.729
10.01.2021 00:00:25.226,14732.581,14729.079
10.01.2021 00:00:25.276,14732.541000000001,14729.098999999998
10.01.2021 00:00:25.392,14732.871000000001,14729.409
10.01.2021 00:00:25.547,14732.883,14729.538999999999
10.01.2021 00:00:25.597,14733.031,14729.608999999999
10.01.2021 00:00:25.723,14732.891000000001,14729.368999999999
10.01.2021 00:00:25.867,14732.823,14729.788999999999
10.01.2021 00:00:25.917,14733.021,14729.548999999999
10.01.2021 00:00:26.052,14732.281,14728.749
10.01.2021 00:00:26.187,14732.263,14729.219
10.01.2021 00:00:26.238,14732.691,14729.198999999999
10.01.2021 00:00:26.383,14733.091,14729.589
10.01.2021 00:00:26.937,14732.581,14729.149
10.01.2021 00:00:26.988,14732.651000000002,14729.159
10.01.2021 00:00:27.372,14732.561000000002,14729.108999999999
10.01.2021 00:00:27.501,14732.571000000002,14729.288999999999
10.01.2021 00:00:27.551,14732.621000000001,14729.208999999999
10.01.2021 00:00:27.847,14732.673,14729.309
10.01.2021 00:00:27.897,14732.791000000001,14729.229
10.01.2021 00:00:28.246,14732.693000000001,14729.528999999999
10.01.2021 00:00:28.296,14733.081,14729.579
10.01.2021 00:00:28.693,14732.841,14729.309
10.01.2021 00:00:28.851,14732.341,14728.819
10.01.2021 00:00:28.901,14732.291000000001,14728.899
10.01.2021 00:00:29.492,14732.323,14729.059
10.01.2021 00:00:29.542,14732.541000000001,14729.059
10.01.2021 00:00:29.813,14732.493,14729.219
10.01.2021 00:00:29.863,14732.721000000001,14729.298999999999
10.01.2021 00:00:30.494,14732.783000000001,14729.909
10.01.2021 00:00:30.544,14733.331,14729.858999999999
10.01.2021 00:00:30.673,14732.891000000001,14729.319
10.01.2021 00:00:31.035,14732.751,14729.386999999999
10.01.2021 00:00:31.085,14732.751,14729.268999999998
10.01.2021 00:00:31.195,14732.641000000001,14729.247
10.01.2021 00:00:31.246,14732.651000000002,14729.128999999999
10.01.2021 00:00:31.523,14732.403,14729.358999999999
10.01.2021 00:00:31.573,14732.841,14729.309
10.01.2021 00:00:31.842,14732.401000000002,14729.219
10.01.2021 00:00:31.892,14732.591,14729.128999999999
10.01.2021 00:00:32.003,14732.603000000001,14729.319
10.01.2021 00:00:32.053,14732.601,14729.329
10.01.2021 00:00:32.167,14732.771,14729.357
10.01.2021 00:00:32.217,14732.771,14729.258999999998
10.01.2021 00:00:32.343,14732.501,14729.216999999999
10.01.2021 00:00:32.393,14732.521,14729.079
10.01.2021 00:00:32.488,14732.493,14729.188999999998
10.01.2021 00:00:32.538,14732.661,14729.108999999999
10.01.2021 00:00:33.436,14732.311000000002,14728.829
10.01.2021 00:00:33.486,14732.371000000001,14728.829
10.01.2021 00:00:34.203,14732.103000000001,14729.288999999999
10.01.2021 00:00:34.254,14732.541000000001,14729.288999999999
10.01.2021 00:00:34.363,14732.111,14729.007
10.01.2021 00:00:34.413,14732.321000000002,14728.909
10.01.2021 00:00:34.522,14732.393,14729.048999999999
10.01.2021 00:00:34.573,14732.551000000001,14729.069
10.01.2021 00:00:34.685,14732.523000000001,14729.249
10.01.2021 00:00:34.736,14732.761,14729.219
10.01.2021 00:00:34.846,14732.793,14729.708999999999
10.01.2021 00:00:34.896,14733.181,14729.708999999999
10.01.2021 00:00:35.005,14733.203000000001,14729.899
10.01.2021 00:00:35.055,14733.381000000001,14729.809
10.01.2021 00:00:35.540,14733.331,14730.089
10.01.2021 00:00:35.591,14733.791000000001,14730.358999999999
10.01.2021 00:00:36.428,14733.701000000001,14730.499
10.01.2021 00:00:36.478,14733.791000000001,14730.278999999999
10.01.2021 00:00:36.614,14733.231000000002,14729.739
10.01.2021 00:00:37.067,14733.213,14729.878999999999
10.01.2021 00:00:37.117,14733.371000000001,14729.829
10.01.2021 00:00:37.275,14733.261,14729.778999999999
10.01.2021 00:00:37.388,14732.651000000002,14729.128999999999
10.01.2021 00:00:37.438,14732.651000000002,14729.389
10.01.2021 00:00:37.547,14732.331,14728.848999999998
10.01.2021 00:00:37.598,14732.321000000002,14728.909
10.01.2021 00:00:37.707,14732.113000000001,14729.028999999999
10.01.2021 00:00:37.758,14732.561000000002,14729.089
10.01.2021 00:00:37.867,14732.513,14729.419
10.01.2021 00:00:37.917,14732.601,14729.598999999998
10.01.2021 00:00:38.028,14732.781,14729.417
10.01.2021 00:00:38.079,14732.691,14729.229
10.01.2021 00:00:38.280,14732.371000000001,14729.098999999998
10.01.2021 00:00:38.439,14732.333,14729.219
10.01.2021 00:00:38.489,14732.651000000002,14729.198999999999
10.01.2021 00:00:38.616,14732.413,14729.659
10.01.2021 00:00:38.666,14733.171,14729.708999999999
10.01.2021 00:00:38.769,14732.811000000002,14729.788999999999
10.01.2021 00:00:38.819,14733.031,14729.579
10.01.2021 00:00:38.928,14732.601,14729.556999999999
10.01.2021 00:00:38.978,14732.851,14729.339
10.01.2021 00:00:39.257,14732.591,14729.198999999999
10.01.2021 00:00:39.408,14732.643,14729.598999999998
10.01.2021 00:00:39.458,14733.071000000002,14729.608999999999
10.01.2021 00:00:39.816,14732.601,14729.556999999999
10.01.2021 00:00:39.866,14732.791000000001,14729.368999999999
10.01.2021 00:00:39.960,14732.701000000001,14729.417
10.01.2021 00:00:40.010,14732.761,14729.489
10.01.2021 00:00:40.403,14732.793,14729.329
10.01.2021 00:00:40.453,14732.851,14729.319
10.01.2021 00:00:40.576,14733.191,14729.758999999998
10.01.2021 00:00:40.907,14733.111,14729.688999999998
10.01.2021 00:00:41.042,14733.133,14729.778999999999
10.01.2021 00:00:41.092,14733.211000000001,14729.989
10.01.2021 00:00:41.237,14733.281,14729.878999999999
10.01.2021 00:00:41.362,14733.171,14729.889
10.01.2021 00:00:41.412,14733.081,14729.698999999999
10.01.2021 00:00:41.567,14732.711000000001,14729.278999999999
10.01.2021 00:00:41.744,14732.713,14729.339
10.01.2021 00:00:41.794,14732.801000000001,14729.409
10.01.2021 00:00:41.905,14732.853000000001,14730.079
10.01.2021 00:00:41.955,14733.311000000002,14730.098999999998
10.01.2021 00:00:42.784,14733.231000000002,14729.768999999998
10.01.2021 00:00:42.834,14733.191,14729.798999999999
10.01.2021 00:00:42.945,14733.181,14729.747
10.01.2021 00:00:42.995,14733.131000000001,14729.639
10.01.2021 00:00:43.332,14732.641000000001,14729.169
10.01.2021 00:00:43.383,14732.581,14729.149
10.01.2021 00:00:43.547,14732.891000000001,14729.339
10.01.2021 00:00:44.133,14732.341,14728.889
10.01.2021 00:00:44.184,14732.351,14728.858999999999
10.01.2021 00:00:44.295,14731.861,14728.378999999999
10.01.2021 00:00:44.346,14731.811000000002,14728.419
10.01.2021 00:00:44.901,14731.613000000001,14728.518999999998
10.01.2021 00:00:44.952,14732.081,14728.548999999999
10.01.2021 00:00:45.065,14731.863000000001,14728.798999999999
10.01.2021 00:00:45.115,14731.891000000001,14728.378999999999
10.01.2021 00:00:45.226,14731.843,14728.518999999998
10.01.2021 00:00:45.276,14732.071000000002,14728.528999999999
10.01.2021 00:00:45.385,14731.851,14728.577
10.01.2021 00:00:45.435,14731.781,14728.339
10.01.2021 00:00:45.545,14731.843,14728.809
10.01.2021 00:00:45.596,14732.011,14728.778999999999
10.01.2021 00:00:45.704,14732.031,14728.618999999999
10.01.2021 00:00:45.755,14732.081,14728.798999999999
10.01.2021 00:00:45.873,14731.671,14728.159
10.01.2021 00:00:45.924,14731.591,14728.198999999999
10.01.2021 00:00:46.694,14731.633,14728.249
10.01.2021 00:00:46.744,14731.791000000001,14728.229
10.01.2021 00:00:46.855,14731.641000000001,14728.216999999999
10.01.2021 00:00:46.905,14731.681,14728.219
10.01.2021 00:00:47.041,14731.541000000001,14728.216999999999
10.01.2021 00:00:47.091,14731.561000000002,14728.008999999998
10.01.2021 00:00:47.212,14731.111,14728.087
10.01.2021 00:00:47.262,14731.301000000001,14727.809
10.01.2021 00:00:47.521,14731.393,14728.758999999998
10.01.2021 00:00:47.572,14732.291000000001,14728.809
10.01.2021 00:00:47.682,14732.081,14728.737
10.01.2021 00:00:47.733,14732.041000000001,14728.569
10.01.2021 00:00:47.841,14731.771,14728.278999999999
10.01.2021 00:00:47.891,14731.681,14728.258999999998
10.01.2021 00:00:48.002,14731.361,14728.098999999998
10.01.2021 00:00:48.052,14731.111,14727.829
10.01.2021 00:00:48.171,14731.491000000002,14728.079
10.01.2021 00:00:48.322,14731.361,14728.027
10.01.2021 00:00:48.373,14731.381000000001,14727.889
10.01.2021 00:00:48.501,14731.791000000001,14728.368999999999
10.01.2021 00:00:48.643,14731.833,14728.528999999999
10.01.2021 00:00:48.694,14732.011,14728.788999999999
10.01.2021 00:00:48.831,14732.661,14729.139
10.01.2021 00:00:48.963,14732.281,14728.889
10.01.2021 00:00:49.013,14732.341,14728.909
10.01.2021 00:00:49.160,14732.521,14729.118999999999
10.01.2021 00:00:49.284,14732.261,14728.809
10.01.2021 00:00:49.334,14732.291000000001,14728.739
10.01.2021 00:00:49.491,14732.121000000001,14728.698999999999
10.01.2021 00:00:49.626,14732.153,14728.749
10.01.2021 00:00:49.676,14732.251,14728.809
10.01.2021 00:00:49.821,14732.811000000002,14729.358999999999
10.01.2021 00:00:49.936,14732.843,14729.698999999999
10.01.2021 00:00:49.987,14733.161,14729.618999999999
10.01.2021 00:00:50.375,14732.501,14729.239
10.01.2021 00:00:50.426,14732.731000000002,14729.278999999999
10.01.2021 00:00:50.536,14732.641000000001,14729.296999999999
10.01.2021 00:00:50.587,14732.641000000001,14729.219
10.01.2021 00:00:50.698,14732.603000000001,14729.649
10.01.2021 00:00:50.749,14733.141000000001,14729.649
10.01.2021 00:00:51.819,14733.093,14729.839
10.01.2021 00:00:51.869,14733.111,14729.858999999999
10.01.2021 00:00:52.298,14733.353000000001,14730.018999999998
10.01.2021 00:00:52.349,14733.551000000001,14730.098999999998
10.01.2021 00:00:52.903,14733.181,14729.989
10.01.2021 00:00:52.953,14733.271,14729.768999999998
10.01.2021 00:00:53.011,14733.273000000001,14729.919
10.01.2021 00:00:53.062,14733.311000000002,14729.878999999999
10.01.2021 00:00:53.331,14733.221000000001,14729.886999999999
10.01.2021 00:00:53.381,14733.271,14729.788999999999
10.01.2021 00:00:53.979,14733.193000000001,14729.829
10.01.2021 00:00:54.030,14733.381000000001,14729.919
10.01.2021 00:00:54.300,14733.333,14730.069
10.01.2021 00:00:54.350,14733.521,14730.048999999999
10.01.2021 00:00:55.002,14733.523000000001,14730.309
10.01.2021 00:00:55.052,14733.791000000001,14730.208999999999
10.01.2021 00:00:55.503,14733.611,14730.257
10.01.2021 00:00:55.553,14733.601,14730.169
10.01.2021 00:00:56.176,14733.541000000001,14730.127
10.01.2021 00:00:56.227,14733.581,14730.288999999999
10.01.2021 00:00:56.338,14733.371000000001,14730.017
10.01.2021 00:00:56.388,14733.331,14729.889
10.01.2021 00:00:57.297,14733.353000000001,14730.059
10.01.2021 00:00:57.347,14733.301000000001,14730.098999999998
10.01.2021 00:00:57.484,14733.321000000002,14730.087
10.01.2021 00:00:57.535,14733.101,14729.868999999999
10.01.2021 00:00:57.803,14733.343,14730.028999999999
10.01.2021 00:00:57.853,14733.531,14730.089
10.01.2021 00:00:57.963,14733.291000000001,14730.089
10.01.2021 00:00:58.014,14733.101,14729.819
10.01.2021 00:00:58.122,14733.353000000001,14730.128999999999
10.01.2021 00:00:58.173,14733.631000000001,14730.208999999999
10.01.2021 00:00:58.764,14733.221000000001,14729.999
10.01.2021 00:00:58.815,14733.011,14729.719
10.01.2021 00:00:58.922,14733.081,14729.737
10.01.2021 00:00:58.973,14732.991000000002,14729.508999999998
10.01.2021 00:00:59.084,14733.063,14729.669
10.01.2021 00:00:59.134,14733.181,14729.719
10.01.2021 00:00:59.244,14733.133,14730.188999999998
10.01.2021 00:00:59.294,14733.591,14730.198999999999
10.01.2021 00:00:59.569,14733.683,14730.229
10.01.2021 00:00:59.619,14733.761,14730.229
10.01.2021 00:01:00.598,14733.713,14730.618999999999
10.01.2021 00:01:00.648,14734.041000000001,14730.528999999999
10.01.2021 00:01:00.919,14733.993,14730.719
10.01.2021 00:01:00.969,14734.231000000002,14730.768999999998
10.01.2021 00:01:01.091,14734.211000000001,14730.847
10.01.2021 00:01:01.142,14734.101,14730.858999999999
10.01.2021 00:01:01.241,14734.283000000001,14731.298999999999
10.01.2021 00:01:01.291,14734.501,14731.059
10.01.2021 00:01:01.778,14734.533000000001,14731.608999999999
10.01.2021 00:01:01.828,14735.131000000001,14731.669
10.01.2021 00:01:01.941,14734.701000000001,14731.229
10.01.2021 00:01:01.991,14734.691,14731.258999999998
10.01.2021 00:01:02.257,14734.503,14731.329
10.01.2021 00:01:02.307,14734.781,14731.399
10.01.2021 00:01:02.818,14735.001,14731.618999999999
10.01.2021 00:01:03.024,14734.871000000001,14731.339
10.01.2021 00:01:03.139,14734.721000000001,14731.317
10.01.2021 00:01:03.190,14734.711000000001,14731.288999999999
10.01.2021 00:01:03.540,14734.793,14731.589
10.01.2021 00:01:03.590,14734.811000000002,14731.329
10.01.2021 00:01:03.718,14734.853000000001,14731.538999999999
10.01.2021 00:01:03.769,14735.031,14731.788999999999
10.01.2021 00:01:03.877,14735.063,14732.098999999998
10.01.2021 00:01:03.928,14735.331,14731.868999999999
10.01.2021 00:01:04.520,14734.811000000002,14731.569
10.01.2021 00:01:04.570,14734.991000000002,14731.538999999999
10.01.2021 00:01:04.681,14734.993,14731.889
10.01.2021 00:01:04.731,14735.321000000002,14731.839
10.01.2021 00:01:05.006,14735.531,14732.079
10.01.2021 00:01:05.163,14735.381000000001,14732.056999999999
10.01.2021 00:01:05.213,14735.371000000001,14731.878999999999
10.01.2021 00:01:06.027,14735.313,14732.278999999999
10.01.2021 00:01:06.078,14735.691,14732.249
10.01.2021 00:01:06.348,14735.651000000002,14732.277
10.01.2021 00:01:06.398,14735.591,14732.208999999999
10.01.2021 00:01:06.517,14735.673,14732.309
10.01.2021 00:01:06.567,14735.611,14732.309
10.01.2021 00:01:06.827,14735.873,14732.528999999999
10.01.2021 00:01:06.877,14736.001,14732.528999999999
10.01.2021 00:01:07.018,14735.801000000001,14732.567
10.01.2021 00:01:07.068,14735.861,14732.368999999999
10.01.2021 00:01:08.007,14735.783000000001,14732.548999999999
10.01.2021 00:01:08.058,14736.061000000002,14732.589
10.01.2021 00:01:08.723,14735.761,14732.239
10.01.2021 00:01:08.774,14735.781,14732.319
10.01.2021 00:01:09.044,14735.793,14732.348999999998
10.01.2021 00:01:09.094,14735.811000000002,14732.389
10.01.2021 00:01:09.640,14735.741000000002,14732.258999999998
10.01.2021 00:01:09.802,14735.531,14732.296999999999
10.01.2021 00:01:09.852,14735.581,14732.038999999999
10.01.2021 00:01:09.961,14735.081,14731.548999999999
10.01.2021 00:01:10.011,14735.051000000001,14731.548999999999
10.01.2021 00:01:10.121,14733.631000000001,14730.208999999999
10.01.2021 00:01:10.171,14733.651000000002,14730.178999999998
10.01.2021 00:01:10.288,14733.701000000001,14730.319
10.01.2021 00:01:10.618,14734.131000000001,14730.688999999998
10.01.2021 00:01:10.892,14734.051000000001,14730.707
10.01.2021 00:01:10.942,14733.811000000002,14730.598999999998
10.01.2021 00:01:11.215,14733.371000000001,14729.858999999999
10.01.2021 00:01:11.265,14733.281,14729.868999999999
10.01.2021 00:01:11.721,14733.171,14729.889
10.01.2021 00:01:11.771,14733.171,14729.608999999999
10.01.2021 00:01:11.880,14732.671,14729.159
10.01.2021 00:01:11.930,14732.591,14729.208999999999
10.01.2021 00:01:12.499,14732.211000000001,14728.989
10.01.2021 00:01:12.549,14732.201000000001,14728.989
10.01.2021 00:01:12.814,14732.151000000002,14728.747
10.01.2021 00:01:12.864,14732.081,14728.618999999999
10.01.2021 00:01:12.975,14731.591,14728.159
10.01.2021 00:01:13.025,14731.411,14728.178999999998
10.01.2021 00:01:13.133,14731.501,14728.177
10.01.2021 00:01:13.184,14731.501,14728.038999999999
10.01.2021 00:01:13.295,14731.583,14728.589
10.01.2021 00:01:13.345,14731.801000000001,14728.389
10.01.2021 00:01:13.454,14731.481000000002,14728.098999999998
10.01.2021 00:01:13.505,14731.551000000001,14728.288999999999
10.01.2021 00:01:13.613,14731.483,14728.768999999998
10.01.2021 00:01:13.664,14732.271,14728.719
10.01.2021 00:01:13.775,14731.811000000002,14728.348999999998
10.01.2021 00:01:13.825,14731.841,14728.358999999999
10.01.2021 00:01:13.935,14731.603000000001,14728.579
10.01.2021 00:01:13.985,14732.041000000001,14728.598999999998
10.01.2021 00:01:14.094,14731.121000000001,14727.719
10.01.2021 00:01:14.144,14731.131000000001,14727.899
10.01.2021 00:01:14.255,14730.851,14727.348999999998
10.01.2021 00:01:14.306,14730.841,14727.378999999999
10.01.2021 00:01:14.578,14730.671,14727.178999999998
10.01.2021 00:01:14.908,14731.181,14727.669
10.01.2021 00:01:15.058,14731.091,14727.627
10.01.2021 00:01:15.110,14731.081,14727.608999999999
10.01.2021 00:01:15.238,14731.101,14727.678999999998
10.01.2021 00:01:17.021,14731.093,14727.878999999999
10.01.2021 00:01:17.071,14731.301000000001,14727.878999999999
10.01.2021 00:01:17.226,14731.293,14728.038999999999
10.01.2021 00:01:17.276,14731.301000000001,14728.079
10.01.2021 00:01:17.386,14731.221000000001,14727.788999999999
10.01.2021 00:01:17.436,14731.271,14727.758999999998
10.01.2021 00:01:17.756,14730.341,14726.878999999999
10.01.2021 00:01:17.806,14730.321000000002,14726.889
10.01.2021 00:01:18.210,14730.121000000001,14726.649
10.01.2021 00:01:18.332,14729.171,14725.628999999999
10.01.2021 00:01:18.383,14729.101,14725.889
10.01.2021 00:01:18.551,14729.131000000001,14725.767
10.01.2021 00:01:18.602,14729.281,14725.809
10.01.2021 00:01:18.710,14729.243,14725.809
10.01.2021 00:01:18.761,14729.351,14725.848999999998
10.01.2021 00:01:19.082,14729.303,14726.278999999999
10.01.2021 00:01:19.132,14729.731000000002,14726.309
10.01.2021 00:01:19.244,14729.591,14726.237
10.01.2021 00:01:19.295,14729.691,14726.169
10.01.2021 00:01:19.407,14729.261,14725.809
10.01.2021 00:01:19.458,14729.281,14725.989
10.01.2021 00:01:20.061,14729.263,14725.868999999999
10.01.2021 00:01:20.112,14729.351,14725.819
10.01.2021 00:01:20.225,14729.323,14726.878999999999
10.01.2021 00:01:20.275,14730.321000000002,14726.848999999998
10.01.2021 00:01:20.381,14730.363000000001,14727.678999999998
10.01.2021 00:01:20.431,14731.161,14727.688999999998
10.01.2021 00:01:20.544,14730.561000000002,14727.038999999999
10.01.2021 00:01:20.594,14730.541000000001,14727.079
10.01.2021 00:01:20.711,14730.231000000002,14726.739
10.01.2021 00:01:20.762,14730.251,14726.768999999998
10.01.2021 00:01:21.291,14730.273000000001,14726.899
10.01.2021 00:01:21.342,14730.351,14726.848999999998
10.01.2021 00:01:21.454,14730.393,14727.219
10.01.2021 00:01:21.505,14730.511,14727.239
10.01.2021 00:01:21.644,14730.793,14727.368999999999
10.01.2021 00:01:21.695,14730.791000000001,14727.589
10.01.2021 00:01:21.840,14730.551000000001,14727.038999999999
10.01.2021 00:01:22.287,14730.221000000001,14726.778999999999
10.01.2021 00:01:22.338,14730.231000000002,14726.749
10.01.2021 00:01:23.160,14730.171,14726.659
10.01.2021 00:01:23.284,14730.113000000001,14726.809
10.01.2021 00:01:23.334,14730.241000000002,14726.749
10.01.2021 00:01:23.492,14730.183,14727.069
10.01.2021 00:01:23.543,14730.521,14727.079
10.01.2021 00:01:25.193,14729.693000000001,14727.008999999998
10.01.2021 00:01:25.243,14729.771,14726.258999999998
10.01.2021 00:01:25.516,14729.631000000001,14726.277
10.01.2021 00:01:25.567,14729.621000000001,14726.198999999999
10.01.2021 00:01:25.899,14729.613000000001,14726.778999999999
10.01.2021 00:01:25.949,14730.281,14726.749
10.01.2021 00:01:26.660,14730.273000000001,14727.018999999998
10.01.2021 00:01:26.710,14730.531,14727.079
10.01.2021 00:01:26.820,14730.281,14726.989
10.01.2021 00:01:26.871,14730.221000000001,14726.708999999999
10.01.2021 00:01:30.033,14730.273000000001,14727.409
10.01.2021 00:01:30.084,14730.881000000001,14727.339
10.01.2021 00:01:30.193,14730.341,14726.878999999999
10.01.2021 00:01:30.243,14730.371000000001,14726.899
10.01.2021 00:01:31.013,14730.293,14727.389
10.01.2021 00:01:31.064,14730.791000000001,14727.358999999999
10.01.2021 00:01:31.163,14730.231000000002,14726.989
10.01.2021 00:01:31.214,14730.271,14726.719
10.01.2021 00:01:32.073,14730.151000000002,14726.688999999998
10.01.2021 00:01:32.197,14729.791000000001,14726.319
10.01.2021 00:01:32.247,14729.791000000001,14726.329
10.01.2021 00:01:32.732,14729.511,14726.489
10.01.2021 00:01:32.881,14729.241000000002,14725.778999999999
10.01.2021 00:01:32.931,14729.191,14725.729
10.01.2021 00:01:33.327,14729.051000000001,14725.777
10.01.2021 00:01:33.377,14729.041000000001,14725.608999999999
10.01.2021 00:01:33.494,14729.063,14725.649
10.01.2021 00:01:33.544,14729.151000000002,14725.639
10.01.2021 00:01:33.646,14728.801000000001,14725.389
10.01.2021 00:01:33.696,14728.831,14725.368999999999
10.01.2021 00:01:34.079,14728.893,14725.589
10.01.2021 00:01:34.129,14729.021,14725.548999999999
10.01.2021 00:01:34.250,14729.043,14726.188999999998
10.01.2021 00:01:34.300,14729.681,14726.169
10.01.2021 00:01:34.401,14729.311000000002,14726.059
10.01.2021 00:01:34.560,14729.593,14726.208999999999
10.01.2021 00:01:34.610,14729.651000000002,14726.208999999999
10.01.2021 00:01:34.912,14729.613000000001,14726.309
10.01.2021 00:01:34.962,14729.771,14726.288999999999
10.01.2021 00:01:35.233,14729.661,14726.207
10.01.2021 00:01:35.283,14729.671,14726.399
10.01.2021 00:01:35.393,14729.321000000002,14725.909
10.01.2021 00:01:35.443,14729.291000000001,14725.899
10.01.2021 00:01:35.551,14729.393,14726.409
10.01.2021 00:01:35.601,14729.851,14726.329
10.01.2021 00:01:36.278,14729.863000000001,14726.788999999999
10.01.2021 00:01:36.328,14730.051000000001,14726.559
10.01.2021 00:01:36.436,14729.891000000001,14726.546999999999
10.01.2021 00:01:36.486,14729.851,14726.378999999999
10.01.2021 00:01:36.596,14729.823,14726.538999999999
10.01.2021 00:01:36.647,14730.081,14726.608999999999
10.01.2021 00:01:37.144,14728.641000000001,14725.139
10.01.2021 00:01:37.194,14728.611,14725.178999999998
10.01.2021 00:01:37.352,14729.271,14725.768999999998
10.01.2021 00:01:37.785,14728.611,14725.358999999999
10.01.2021 00:01:37.835,14728.801000000001,14725.358999999999
10.01.2021 00:01:37.944,14728.721000000001,14725.377
10.01.2021 00:01:37.994,14728.781,14725.489
10.01.2021 00:01:38.920,14728.513,14725.399
10.01.2021 00:01:38.971,14728.881000000001,14725.319
10.01.2021 00:01:39.081,14728.833,14725.618999999999
10.01.2021 00:01:39.132,14729.051000000001,14725.548999999999
10.01.2021 00:01:39.241,14728.801000000001,14725.597
10.01.2021 00:01:39.292,14728.791000000001,14725.598999999998
10.01.2021 00:01:39.401,14728.863000000001,14725.508999999998
10.01.2021 00:01:39.452,14729.081,14725.589
10.01.2021 00:01:39.764,14728.811000000002,14725.517
10.01.2021 00:01:39.814,14728.611,14725.399
10.01.2021 00:01:39.925,14728.691,14725.399
10.01.2021 00:01:39.976,14728.691,14725.159
10.01.2021 00:01:40.323,14728.121000000001,14724.608999999999
10.01.2021 00:01:40.478,14727.903,14725.339
10.01.2021 00:01:40.529,14728.891000000001,14725.348999999998
10.01.2021 00:01:40.652,14728.781,14725.278999999999
10.01.2021 00:01:40.799,14728.681,14725.216999999999
10.01.2021 00:01:40.850,14728.591,14725.159
10.01.2021 00:01:41.120,14728.413,14725.378999999999
10.01.2021 00:01:41.170,14728.861,14725.329
10.01.2021 00:01:41.507,14728.873,14726.139
10.01.2021 00:01:41.557,14729.671,14726.198999999999
10.01.2021 00:01:41.854,14729.331,14725.829
10.01.2021 00:01:41.905,14729.381000000001,14725.819
10.01.2021 00:01:42.175,14729.333,14726.208999999999
10.01.2021 00:01:42.225,14729.581,14726.118999999999
10.01.2021 00:01:42.335,14729.541000000001,14726.127
10.01.2021 00:01:42.385,14729.491000000002,14726.028999999999
10.01.2021 00:01:42.733,14729.583,14726.139
10.01.2021 00:01:42.784,14729.631000000001,14726.389
10.01.2021 00:01:42.858,14729.501,14726.187
10.01.2021 00:01:42.908,14729.511,14726.108999999999
10.01.2021 00:01:43.622,14729.381000000001,14725.848999999998
10.01.2021 00:01:43.763,14728.571000000002,14725.018999999998
10.01.2021 00:01:43.813,14728.531,14725.038999999999
10.01.2021 00:01:44.942,14729.051000000001,14725.618999999999
10.01.2021 00:01:45.352,14729.093,14725.639
10.01.2021 00:01:45.403,14729.141000000001,14725.649
10.01.2021 00:01:45.512,14728.913,14726.108999999999
10.01.2021 00:01:45.563,14729.591,14726.018999999998
10.01.2021 00:01:45.724,14729.181,14725.889
10.01.2021 00:01:45.774,14729.111,14725.649
10.01.2021 00:01:45.933,14729.611,14726.149
10.01.2021 00:01:46.211,14729.663,14726.268999999998
10.01.2021 00:01:46.261,14729.731000000002,14726.208999999999
10.01.2021 00:01:46.371,14729.381000000001,14726.098999999998
10.01.2021 00:01:46.421,14729.321000000002,14725.848999999998
10.01.2021 00:01:46.790,14729.081,14725.817
10.01.2021 00:01:46.841,14728.901000000002,14725.628999999999
10.01.2021 00:01:47.145,14728.691,14725.169
10.01.2021 00:01:47.196,14728.661,14725.198999999999
10.01.2021 00:01:47.375,14728.683,14725.389
10.01.2021 00:01:47.425,14728.891000000001,14725.598999999998
10.01.2021 00:01:47.583,14728.601,14725.208999999999
10.01.2021 00:01:47.707,14728.151000000002,14724.678999999998
10.01.2021 00:01:47.758,14728.101,14724.649
10.01.2021 00:01:48.015,14728.103000000001,14724.758999999998
10.01.2021 00:01:48.066,14728.281,14724.729
10.01.2021 00:01:48.242,14728.111,14724.659
10.01.2021 00:01:48.630,14728.133,14724.798999999999
10.01.2021 00:01:48.681,14728.221000000001,14724.768999999998
10.01.2021 00:01:48.791,14727.791000000001,14724.339
10.01.2021 00:01:48.842,14727.851,14724.409
10.01.2021 00:01:48.951,14727.853000000001,14724.528999999999
10.01.2021 00:01:49.002,14728.041000000001,14724.548999999999
10.01.2021 00:01:49.497,14728.053,14724.669
10.01.2021 00:01:49.547,14728.091,14724.628999999999
10.01.2021 00:01:49.657,14728.061000000002,14724.646999999999
10.01.2021 00:01:49.708,14728.051000000001,14724.608999999999
10.01.2021 00:01:50.016,14727.693000000001,14724.788999999999
10.01.2021 00:01:50.066,14727.731000000002,14724.489
10.01.2021 00:01:50.388,14727.611,14724.287
10.01.2021 00:01:50.438,14727.591,14724.139
10.01.2021 00:01:50.707,14727.683,14724.229
10.01.2021 00:01:50.757,14727.501,14724.208999999999
10.01.2021 00:01:50.883,14727.291000000001,14723.889
10.01.2021 00:01:51.214,14726.871000000001,14723.409
10.01.2021 00:01:51.264,14726.871000000001,14723.399
10.01.2021 00:01:51.369,14726.803,14723.639
10.01.2021 00:01:51.419,14727.131000000001,14723.639
10.01.2021 00:01:51.703,14727.103000000001,14724.208999999999
10.01.2021 00:01:51.754,14727.651000000002,14724.169
10.01.2021 00:01:51.884,14727.211000000001,14723.719
10.01.2021 00:01:51.934,14727.191,14723.989
10.01.2021 00:01:52.657,14727.121000000001,14723.796999999999
10.01.2021 00:01:52.708,14727.141000000001,14723.708999999999
10.01.2021 00:01:52.864,14726.621000000001,14723.159
10.01.2021 00:01:52.976,14725.621000000001,14722.399
10.01.2021 00:01:53.026,14725.641000000001,14722.159
10.01.2021 00:01:53.137,14725.663,14722.579
10.01.2021 00:01:53.187,14726.081,14722.798999999999
10.01.2021 00:01:53.296,14725.601,14722.587
10.01.2021 00:01:53.347,14725.841,14722.358999999999
10.01.2021 00:01:53.524,14725.601,14722.128999999999
10.01.2021 00:01:53.796,14725.541000000001,14722.117
10.01.2021 00:01:53.847,14725.511,14722.098999999998
10.01.2021 00:01:53.956,14725.011,14721.569
10.01.2021 00:01:54.007,14725.051000000001,14721.518999999998
10.01.2021 00:01:54.117,14724.841,14721.517
10.01.2021 00:01:54.167,14724.801000000001,14721.419
10.01.2021 00:01:54.278,14724.561000000002,14721.118999999999
10.01.2021 00:01:54.328,14724.491000000002,14721.028999999999
10.01.2021 00:01:54.436,14724.503,14721.368999999999
10.01.2021 00:01:54.487,14724.851,14721.309
10.01.2021 00:01:54.609,14724.741000000002,14721.317
10.01.2021 00:01:54.659,14724.791000000001,14721.288999999999
10.01.2021 00:01:54.770,14724.773000000001,14721.339
10.01.2021 00:01:54.820,14724.851,14721.368999999999
10.01.2021 00:01:54.928,14724.883,14721.669
10.01.2021 00:01:54.978,14725.141000000001,14721.698999999999
10.01.2021 00:01:55.249,14725.113000000001,14721.919
10.01.2021 00:01:55.299,14725.281,14721.848999999998
10.01.2021 00:01:55.409,14725.313,14722.368999999999
10.01.2021 00:01:55.459,14725.781,14722.589
10.01.2021 00:01:55.743,14725.853000000001,14722.528999999999
10.01.2021 00:01:55.794,14726.071000000002,14722.559
10.01.2021 00:01:55.918,14725.681,14722.178999999998
10.01.2021 00:01:55.969,14725.671,14722.178999999998
10.01.2021 00:01:56.065,14725.631000000001,14722.188999999998
10.01.2021 00:01:56.115,14726.171,14722.639
10.01.2021 00:01:56.269,14726.113000000001,14722.798999999999
10.01.2021 00:01:56.319,14726.241000000002,14722.758999999998
10.01.2021 00:01:57.231,14725.241000000002,14721.809
10.01.2021 00:01:57.283,14725.271,14721.758999999998
10.01.2021 00:01:57.814,14725.031,14721.538999999999
10.01.2021 00:01:57.949,14724.751,14721.319
10.01.2021 00:01:58.000,14724.721000000001,14721.499
10.01.2021 00:01:58.145,14724.131000000001,14720.639
10.01.2021 00:01:58.269,14724.113000000001,14721.108999999999
10.01.2021 00:01:58.319,14724.511,14721.008999999998
10.01.2021 00:01:58.631,14724.391000000001,14721.017
10.01.2021 00:01:58.682,14724.301000000001,14720.858999999999
10.01.2021 00:01:58.806,14724.303,14721.089
10.01.2021 00:01:58.856,14724.571000000002,14721.098999999998
10.01.2021 00:01:58.952,14724.181,14720.669
10.01.2021 00:01:59.003,14724.121000000001,14720.659
10.01.2021 00:01:59.338,14724.153,14720.829
10.01.2021 00:01:59.389,14724.331,14720.819
10.01.2021 00:01:59.498,14724.013,14720.909
10.01.2021 00:01:59.548,14724.291000000001,14720.768999999998
10.01.2021 00:01:59.657,14724.111,14720.747
10.01.2021 00:01:59.707,14724.141000000001,14720.678999999998
10.01.2021 00:01:59.869,14724.011,14720.627
10.01.2021 00:01:59.919,14724.071000000002,14720.548999999999
10.01.2021 00:02:00.030,14723.801000000001,14720.527
10.01.2021 00:02:00.081,14723.801000000001,14720.368999999999
10.01.2021 00:02:00.692,14723.803,14720.598999999998
10.01.2021 00:02:00.742,14723.811000000002,14720.508999999998
10.01.2021 00:02:00.819,14724.083,14720.688999999998
10.01.2021 00:02:00.870,14724.161,14720.688999999998
10.01.2021 00:02:01.214,14724.153,14721.569
10.01.2021 00:02:01.265,14725.061000000002,14721.569
10.01.2021 00:02:01.374,14724.993,14721.889
10.01.2021 00:02:01.424,14725.371000000001,14721.858999999999
10.01.2021 00:02:01.854,14725.241000000002,14721.847
10.01.2021 00:02:01.904,14725.291000000001,14721.719
10.01.2021 00:02:02.436,14725.561000000002,14722.028999999999
10.01.2021 00:02:02.568,14724.801000000001,14721.399
10.01.2021 00:02:02.618,14724.831,14721.589
10.01.2021 00:02:02.887,14724.321000000002,14720.858999999999
10.01.2021 00:02:02.938,14724.301000000001,14720.848999999998
10.01.2021 00:02:03.097,14723.791000000001,14720.329
10.01.2021 00:02:03.529,14723.873,14720.628999999999
10.01.2021 00:02:03.579,14724.131000000001,14720.639
10.01.2021 00:02:03.689,14723.871000000001,14720.329
10.01.2021 00:02:03.739,14723.821000000002,14720.339
10.01.2021 00:02:04.256,14723.751,14720.367
10.01.2021 00:02:04.306,14723.701000000001,14720.288999999999
10.01.2021 00:02:04.960,14723.763,14720.358999999999
10.01.2021 00:02:05.010,14723.821000000002,14720.348999999998
10.01.2021 00:02:05.660,14723.873,14720.909
10.01.2021 00:02:05.710,14724.351,14720.878999999999
10.01.2021 00:02:06.444,14724.343,14721.098999999998
10.01.2021 00:02:06.494,14724.311000000002,14721.108999999999
10.01.2021 00:02:06.601,14724.351,14721.056999999999
10.01.2021 00:02:06.652,14724.301000000001,14720.878999999999
10.01.2021 00:02:07.505,14724.131000000001,14720.827
10.01.2021 00:02:07.555,14724.191,14720.659
10.01.2021 00:02:07.720,14724.341,14721.098999999998
10.01.2021 00:02:07.861,14724.081,14720.518999999998
10.01.2021 00:02:07.911,14724.041000000001,14720.589
10.01.2021 00:02:08.072,14724.053,14720.698999999999
10.01.2021 00:02:08.123,14724.141000000001,14720.889
10.01.2021 00:02:08.392,14723.291000000001,14719.889
10.01.2021 00:02:08.443,14723.111,14719.848999999998
10.01.2021 00:02:09.137,14723.363000000001,14720.688999999998
10.01.2021 00:02:09.188,14724.151000000002,14720.889
10.01.2021 00:02:09.509,14724.061000000002,14720.646999999999
10.01.2021 00:02:09.559,14724.051000000001,14720.589
10.01.2021 00:02:10.155,14724.073,14720.698999999999
10.01.2021 00:02:10.206,14724.141000000001,14720.659
10.01.2021 00:02:10.308,14724.081,14720.646999999999
10.01.2021 00:02:10.358,14724.061000000002,14720.589
10.01.2021 00:02:10.468,14723.891000000001,14720.597
10.01.2021 00:02:10.518,14723.801000000001,14720.319
10.01.2021 00:02:10.629,14723.231000000002,14719.788999999999
10.01.2021 00:02:10.679,14723.231000000002,14719.809
10.01.2021 00:02:10.790,14722.661,14719.178999999998
10.01.2021 00:02:10.841,14722.631000000001,14719.208999999999
10.01.2021 00:02:10.949,14722.643,14719.378999999999
10.01.2021 00:02:10.999,14722.801000000001,14719.319
10.01.2021 00:02:11.109,14722.601,14719.208999999999
10.01.2021 00:02:11.160,14722.611,14719.198999999999
10.01.2021 00:02:11.701,14722.663,14719.559
10.01.2021 00:02:11.752,14722.991000000002,14719.508999999998
10.01.2021 00:02:12.010,14722.581,14719.159
10.01.2021 00:02:12.162,14722.531,14719.298999999999
10.01.2021 00:02:12.212,14722.311000000002,14719.089
10.01.2021 00:02:12.816,14722.563,14719.489
10.01.2021 00:02:12.867,14722.711000000001,14719.249
10.01.2021 00:02:13.000,14722.561000000002,14719.288999999999
10.01.2021 00:02:15.865,14722.573,14719.278999999999
10.01.2021 00:02:15.916,14722.771,14719.249
10.01.2021 00:02:16.016,14723.171,14719.889
10.01.2021 00:02:16.182,14722.821000000002,14719.319
10.01.2021 00:02:16.232,14722.811000000002,14719.329
10.01.2021 00:02:16.393,14722.241000000002,14718.788999999999
10.01.2021 00:02:16.443,14722.191,14718.788999999999
10.01.2021 00:02:16.493,14721.781,14718.339
10.01.2021 00:02:17.293,14720.911,14717.649
10.01.2021 00:02:17.427,14720.811000000002,14717.329
10.01.2021 00:02:17.477,14720.811000000002,14717.339
10.01.2021 00:02:17.623,14720.761,14717.278999999999
10.01.2021 00:02:17.881,14720.531,14717.207
10.01.2021 00:02:17.931,14720.591,14717.048999999999
10.01.2021 00:02:18.476,14720.341,14716.889
10.01.2021 00:02:18.526,14720.311000000002,14716.878999999999
10.01.2021 00:02:18.640,14720.383,14717.389
10.01.2021 00:02:18.691,14720.861,14717.409
10.01.2021 00:02:18.795,14720.631000000001,14717.198999999999
10.01.2021 00:02:18.845,14720.631000000001,14717.389
10.01.2021 00:02:18.956,14720.603000000001,14717.298999999999
10.01.2021 00:02:19.007,14720.771,14717.239
10.01.2021 00:02:19.125,14720.763,14717.548999999999
10.01.2021 00:02:19.175,14721.011,14717.608999999999
10.01.2021 00:02:19.276,14720.803,14717.669
10.01.2021 00:02:19.327,14721.141000000001,14717.688999999998
10.01.2021 00:02:19.439,14720.801000000001,14717.687
10.01.2021 00:02:19.490,14721.051000000001,14717.548999999999
10.01.2021 00:02:19.757,14720.691,14717.399
10.01.2021 00:02:19.807,14720.661,14717.149
10.01.2021 00:02:20.076,14720.311000000002,14717.098999999998
10.01.2021 00:02:20.127,14720.321000000002,14717.098999999998
10.01.2021 00:02:20.262,14720.621000000001,14717.139
10.01.2021 00:02:20.396,14720.693000000001,14717.719
10.01.2021 00:02:20.447,14721.091,14717.618999999999
10.01.2021 00:02:22.713,14720.741000000002,14717.268999999998
10.01.2021 00:02:22.764,14720.731000000002,14717.288999999999
10.01.2021 00:02:23.233,14721.121000000001,14717.669
10.01.2021 00:02:23.673,14720.991000000002,14717.697
10.01.2021 00:02:23.724,14721.001,14717.569
10.01.2021 00:02:23.833,14720.871000000001,14717.589
10.01.2021 00:02:23.883,14720.871000000001,14717.378999999999
10.01.2021 00:02:24.810,14719.801000000001,14716.559
10.01.2021 00:02:24.861,14720.071000000002,14716.538999999999
10.01.2021 00:02:25.101,14720.083,14716.639
10.01.2021 00:02:25.152,14719.911,14716.678999999998
10.01.2021 00:02:25.259,14720.163,14716.788999999999
10.01.2021 00:02:25.309,14720.241000000002,14716.989
10.01.2021 00:02:25.419,14720.193000000001,14716.878999999999
10.01.2021 00:02:25.469,14720.281,14716.858999999999
10.01.2021 00:02:25.578,14720.363000000001,14717.309
10.01.2021 00:02:25.628,14720.841,14717.339
10.01.2021 00:02:25.899,14720.783000000001,14717.669
10.01.2021 00:02:25.949,14721.181,14717.639
10.01.2021 00:02:26.219,14721.173,14718.089
10.01.2021 00:02:26.270,14721.301000000001,14717.809
10.01.2021 00:02:26.437,14721.211000000001,14717.907
10.01.2021 00:02:26.487,14721.201000000001,14717.778999999999
10.01.2021 00:02:26.598,14720.801000000001,14717.339
10.01.2021 00:02:26.648,14720.851,14717.399
10.01.2021 00:02:27.193,14721.111,14717.649
10.01.2021 00:02:27.305,14721.123,14718.118999999999
10.01.2021 00:02:27.356,14721.631000000001,14718.208999999999
10.01.2021 00:02:27.625,14721.653,14718.698999999999
10.01.2021 00:02:27.675,14722.161,14718.669
10.01.2021 00:02:28.362,14722.123,14718.848999999998
10.01.2021 00:02:28.413,14722.341,14718.909
10.01.2021 00:02:28.522,14722.231000000002,14718.806999999999
10.01.2021 00:02:28.573,14722.001,14718.778999999999
10.01.2021 00:02:28.683,14722.233,14719.389
10.01.2021 00:02:28.733,14722.611,14719.159
10.01.2021 00:02:28.859,14722.663,14719.329
10.01.2021 00:02:28.910,14722.841,14719.348999999998
10.01.2021 00:02:29.314,14722.581,14719.337
10.01.2021 00:02:29.364,14722.671,14719.139
10.01.2021 00:02:29.503,14722.801000000001,14719.319
10.01.2021 00:02:29.853,14722.883,14719.608999999999
10.01.2021 00:02:29.904,14723.071000000002,14719.518999999998
10.01.2021 00:02:30.182,14722.801000000001,14719.598999999998
10.01.2021 00:02:30.232,14722.821000000002,14719.409
10.01.2021 00:02:30.343,14722.883,14719.649
10.01.2021 00:02:30.394,14723.111,14719.608999999999
10.01.2021 00:02:30.502,14722.811000000002,14719.687
10.01.2021 00:02:30.553,14723.001,14719.518999999998
10.01.2021 00:02:30.999,14722.731000000002,14719.258999999998
10.01.2021 00:02:31.050,14722.741000000002,14719.249
10.01.2021 00:02:31.160,14722.753,14719.589
10.01.2021 00:02:31.211,14722.791000000001,14719.348999999998
10.01.2021 00:02:31.319,14722.751,14719.489
10.01.2021 00:02:31.369,14722.681,14719.309
10.01.2021 00:02:31.484,14722.281,14718.739
10.01.2021 00:02:31.994,14722.243,14718.839
10.01.2021 00:02:32.044,14722.331,14718.889
10.01.2021 00:02:32.403,14722.221000000001,14718.867
10.01.2021 00:02:32.454,14722.241000000002,14718.719
10.01.2021 00:02:32.735,14722.233,14718.858999999999
10.01.2021 00:02:32.785,14722.381000000001,14719.089
10.01.2021 00:02:32.883,14722.201000000001,14718.817
10.01.2021 00:02:32.934,14722.261,14718.749
10.01.2021 00:02:33.205,14722.213,14719.038999999999
10.01.2021 00:02:33.256,14722.551000000001,14719.108999999999
10.01.2021 00:02:33.463,14722.361,14718.809
10.01.2021 00:02:34.522,14722.383,14719.159
10.01.2021 00:02:34.572,14722.401000000002,14719.198999999999
10.01.2021 00:02:34.683,14722.403,14719.378999999999
10.01.2021 00:02:34.733,14722.811000000002,14719.368999999999
10.01.2021 00:02:35.016,14722.851,14719.587
10.01.2021 00:02:35.066,14723.041000000001,14719.798999999999
10.01.2021 00:02:35.881,14722.741000000002,14719.229
10.01.2021 00:02:35.932,14722.771,14719.298999999999
10.01.2021 00:02:36.668,14722.683,14719.589
10.01.2021 00:02:36.718,14722.781,14719.319
10.01.2021 00:02:37.097,14722.761,14719.396999999999
10.01.2021 00:02:37.147,14722.741000000002,14719.239
10.01.2021 00:02:37.328,14722.733,14719.598999999998
10.01.2021 00:02:37.378,14722.781,14719.419
10.01.2021 00:02:39.536,14722.863000000001,14719.538999999999
10.01.2021 00:02:39.586,14723.041000000001,14719.508999999998
10.01.2021 00:02:39.829,14722.713,14719.508999999998
10.01.2021 00:02:39.879,14722.691,14719.268999999998
10.01.2021 00:02:40.142,14722.513,14719.339
10.01.2021 00:02:40.192,14722.861,14719.598999999998
10.01.2021 00:02:40.299,14722.981000000002,14719.538999999999
10.01.2021 00:02:40.459,14723.003,14719.678999999998
10.01.2021 00:02:40.509,14723.181,14719.708999999999
10.01.2021 00:02:40.976,14722.811000000002,14719.339
10.01.2021 00:02:41.027,14722.811000000002,14719.389
10.01.2021 00:02:41.136,14722.771,14719.396999999999
10.01.2021 00:02:41.186,14722.751,14719.249
10.01.2021 00:02:42.617,14722.763,14719.618999999999
10.01.2021 00:02:42.667,14723.121000000001,14719.608999999999
10.01.2021 00:02:42.775,14723.113000000001,14719.829
10.01.2021 00:02:42.825,14723.381000000001,14719.919
10.01.2021 00:02:43.255,14723.313,14720.028999999999
10.01.2021 00:02:43.305,14723.511,14720.098999999998
10.01.2021 00:02:43.725,14723.291000000001,14719.798999999999
10.01.2021 00:02:43.776,14723.221000000001,14719.809
10.01.2021 00:02:44.162,14723.203000000001,14719.829
10.01.2021 00:02:44.212,14723.301000000001,14719.848999999998
10.01.2021 00:02:44.359,14723.521,14720.118999999999
10.01.2021 00:02:45.017,14723.411,14720.169
10.01.2021 00:02:45.161,14723.673,14720.278999999999
10.01.2021 00:02:45.212,14723.731000000002,14720.278999999999
10.01.2021 00:02:45.482,14723.641000000001,14720.399
10.01.2021 00:02:45.532,14723.401000000002,14720.159
10.01.2021 00:02:45.676,14723.551000000001,14720.028999999999
10.01.2021 00:02:46.155,14723.221000000001,14719.788999999999
10.01.2021 00:02:46.205,14723.281,14719.999
10.01.2021 00:02:46.337,14722.111,14718.678999999998
10.01.2021 00:02:46.706,14722.163,14718.999
10.01.2021 00:02:46.756,14722.211000000001,14718.819
10.01.2021 00:02:46.867,14722.283000000001,14719.329
10.01.2021 00:02:46.917,14722.851,14719.329
10.01.2021 00:02:47.597,14722.783000000001,14719.798999999999
10.01.2021 00:02:47.647,14723.031,14719.798999999999
10.01.2021 00:02:47.986,14722.521,14719.098999999998
10.01.2021 00:02:48.317,14722.051000000001,14718.548999999999
10.01.2021 00:02:49.692,14721.761,14718.489
10.01.2021 00:02:49.742,14721.681,14718.309
10.01.2021 00:02:50.145,14721.781,14718.377
10.01.2021 00:02:50.196,14721.861,14718.409
10.01.2021 00:02:50.465,14721.833,14718.868999999999
10.01.2021 00:02:50.515,14722.361,14718.909
10.01.2021 00:02:51.107,14722.291000000001,14718.907
10.01.2021 00:02:51.158,14722.241000000002,14718.798999999999
10.01.2021 00:02:51.617,14722.391000000001,14718.829
10.01.2021 00:02:52.066,14722.293,14719.149
10.01.2021 00:02:52.116,14722.591,14719.128999999999
10.01.2021 00:02:52.632,14722.663,14719.598999999998
10.01.2021 00:02:52.683,14722.811000000002,14719.389
10.01.2021 00:02:52.799,14722.661,14719.367
10.01.2021 00:02:52.849,14722.611,14719.108999999999
10.01.2021 00:02:53.204,14722.581,14719.207
10.01.2021 00:02:53.255,14722.511,14719.038999999999
10.01.2021 00:02:53.430,14722.321000000002,14719.017
10.01.2021 00:02:53.480,14722.291000000001,14718.868999999999
10.01.2021 00:02:53.692,14722.211000000001,14718.837
10.01.2021 00:02:53.742,14722.191,14718.758999999998
10.01.2021 00:02:53.851,14722.273000000001,14718.878999999999
10.01.2021 00:02:53.902,14722.351,14718.848999999998
10.01.2021 00:02:54.747,14722.353000000001,14719.178999999998
10.01.2021 00:02:54.798,14722.691,14719.169
10.01.2021 00:02:55.268,14722.331,14718.839
10.01.2021 00:02:55.318,14722.291000000001,14718.848999999998
10.01.2021 00:02:55.429,14722.271,14718.857
10.01.2021 00:02:55.480,14722.201000000001,14718.719
10.01.2021 00:02:55.679,14722.001,14718.737
10.01.2021 00:02:55.730,14722.011,14718.569
10.01.2021 00:02:55.839,14721.841,14718.567
10.01.2021 00:02:55.889,14721.811000000002,14718.339
10.01.2021 00:02:56.057,14721.681,14718.367
10.01.2021 00:02:56.107,14721.731000000002,14718.239
10.01.2021 00:02:57.272,14721.783000000001,14718.598999999998
10.01.2021 00:02:57.322,14721.851,14718.409
10.01.2021 00:02:57.768,14721.691,14718.367
10.01.2021 00:02:57.818,14721.741000000002,14718.249
10.01.2021 00:02:57.927,14721.743,14718.749
10.01.2021 00:02:57.977,14722.201000000001,14718.809
10.01.2021 00:02:58.553,14721.781,14718.409
10.01.2021 00:02:59.049,14721.883,14718.829
10.01.2021 00:02:59.099,14722.361,14718.858999999999
10.01.2021 00:02:59.625,14722.383,14719.008999999998
10.01.2021 00:02:59.675,14722.541000000001,14719.108999999999
10.01.2021 00:02:59.782,14722.361,14719.098999999998
10.01.2021 00:02:59.832,14722.291000000001,14718.878999999999
10.01.2021 00:03:00.249,14722.313,14719.079
10.01.2021 00:03:00.299,14722.301000000001,14719.048999999999
10.01.2021 00:03:00.422,14722.231000000002,14718.758999999998
10.01.2021 00:03:00.472,14722.241000000002,14718.729
10.01.2021 00:03:00.730,14722.243,14719.178999999998
10.01.2021 00:03:00.780,14722.651000000002,14719.188999999998
10.01.2021 00:03:00.921,14722.531,14719.177
10.01.2021 00:03:00.971,14722.521,14719.298999999999
10.01.2021 00:03:01.080,14722.523000000001,14719.399
10.01.2021 00:03:01.130,14722.641000000001,14719.169
10.01.2021 00:03:01.240,14722.693000000001,14719.419
10.01.2021 00:03:01.290,14722.881000000001,14719.339
10.01.2021 00:03:01.855,14723.191,14719.809
10.01.2021 00:03:01.990,14723.243,14719.858999999999
10.01.2021 00:03:02.040,14723.291000000001,14719.839
10.01.2021 00:03:02.184,14722.671,14719.188999999998
10.01.2021 00:03:02.316,14722.633,14719.319
10.01.2021 00:03:02.366,14722.841,14719.399
10.01.2021 00:03:02.514,14723.091,14719.708999999999
10.01.2021 00:03:02.726,14723.001,14719.636999999999
10.01.2021 00:03:02.776,14723.031,14719.528999999999
10.01.2021 00:03:02.883,14723.063,14719.688999999998
10.01.2021 00:03:02.933,14723.101,14719.608999999999
10.01.2021 00:03:03.044,14722.581,14719.118999999999
10.01.2021 00:03:03.095,14722.591,14719.118999999999
10.01.2021 00:03:03.204,14722.361,14718.809
10.01.2021 00:03:03.364,14722.061000000002,14718.518999999998
10.01.2021 00:03:03.415,14722.011,14718.788999999999
10.01.2021 00:03:04.693,14721.993,14719.059
10.01.2021 00:03:04.744,14722.591,14719.048999999999
10.01.2021 00:03:04.853,14722.503,14719.208999999999
10.01.2021 00:03:04.903,14722.501,14719.268999999998
10.01.2021 00:03:05.021,14722.401000000002,14719.247
10.01.2021 00:03:05.072,14722.601,14719.118999999999
10.01.2021 00:03:05.816,14722.761,14719.219
10.01.2021 00:03:05.940,14722.753,14719.848999999998
10.01.2021 00:03:05.991,14723.381000000001,14719.819
10.01.2021 00:03:06.806,14722.691,14719.188999999998
10.01.2021 00:03:07.313,14722.633,14719.339
10.01.2021 00:03:07.363,14722.891000000001,14719.368999999999
10.01.2021 00:03:07.486,14722.593,14719.339
10.01.2021 00:03:07.536,14722.641000000001,14719.128999999999
10.01.2021 00:03:07.648,14722.221000000001,14718.739
10.01.2021 00:03:07.698,14722.211000000001,14718.708999999999
10.01.2021 00:03:07.799,14722.401000000002,14719.139
10.01.2021 00:03:08.806,14722.501,14719.127
10.01.2021 00:03:08.857,14722.581,14719.048999999999
10.01.2021 00:03:09.591,14722.513,14719.139
10.01.2021 00:03:09.642,14722.631000000001,14719.139
10.01.2021 00:03:10.766,14722.581,14719.288999999999
10.01.2021 00:03:10.922,14722.533000000001,14719.139
10.01.2021 00:03:10.973,14722.611,14719.389
10.01.2021 00:03:11.351,14722.613000000001,14719.258999999998
10.01.2021 00:03:11.402,14722.731000000002,14719.319
10.01.2021 00:03:11.511,14722.641000000001,14719.237
10.01.2021 00:03:11.562,14722.621000000001,14719.159
10.01.2021 00:03:13.077,14722.711000000001,14719.239
10.01.2021 00:03:15.846,14722.703000000001,14720.038999999999
10.01.2021 00:03:15.897,14723.581,14720.018999999998
10.01.2021 00:03:16.050,14723.001,14719.749
10.01.2021 00:03:16.164,14723.273000000001,14719.919
10.01.2021 00:03:16.215,14723.101,14719.919
10.01.2021 00:03:16.380,14723.661,14720.128999999999
10.01.2021 00:03:16.485,14723.653,14720.298999999999
10.01.2021 00:03:16.535,14723.691,14720.258999999998
10.01.2021 00:03:16.656,14723.753,14720.339
10.01.2021 00:03:16.706,14723.841,14720.419
10.01.2021 00:03:17.123,14723.621000000001,14720.337
10.01.2021 00:03:17.174,14723.611,14720.188999999998
10.01.2021 00:03:17.284,14723.361,14719.889
10.01.2021 00:03:17.334,14723.381000000001,14719.868999999999
10.01.2021 00:03:18.128,14723.313,14720.079
10.01.2021 00:03:18.179,14723.541000000001,14720.298999999999
10.01.2021 00:03:18.450,14723.341,14720.027
10.01.2021 00:03:18.500,14723.341,14719.878999999999
10.01.2021 00:03:18.793,14723.313,14720.149
10.01.2021 00:03:18.843,14723.671,14720.188999999998
10.01.2021 00:03:19.452,14722.601,14719.329
10.01.2021 00:03:19.502,14722.801000000001,14719.358999999999
10.01.2021 00:03:19.612,14722.691,14719.386999999999
10.01.2021 00:03:19.662,14722.751,14719.278999999999
10.01.2021 00:03:19.776,14722.301000000001,14718.899
10.01.2021 00:03:19.827,14722.351,14718.878999999999
10.01.2021 00:03:19.951,14722.281,14718.827
10.01.2021 00:03:20.002,14722.281,14718.729
10.01.2021 00:03:20.196,14722.253,14718.919
10.01.2021 00:03:20.246,14722.311000000002,14718.878999999999
10.01.2021 00:03:20.583,14722.281,14718.907
10.01.2021 00:03:20.633,14722.211000000001,14718.768999999998
10.01.2021 00:03:20.937,14721.911,14718.796999999999
10.01.2021 00:03:20.987,14722.151000000002,14718.669
10.01.2021 00:03:21.095,14722.011,14718.716999999999
10.01.2021 00:03:21.145,14721.981000000002,14718.608999999999
10.01.2021 00:03:21.416,14721.761,14718.249
10.01.2021 00:03:21.466,14721.761,14718.499
10.01.2021 00:03:21.661,14721.723,14718.309
10.01.2021 00:03:21.712,14721.601,14718.309
10.01.2021 00:03:22.434,14721.803,14718.708999999999
10.01.2021 00:03:22.484,14722.171,14718.608999999999
10.01.2021 00:03:22.788,14721.821000000002,14718.319
10.01.2021 00:03:22.839,14721.601,14718.368999999999
10.01.2021 00:03:22.983,14722.271,14718.739
10.01.2021 00:03:23.110,14722.131000000001,14718.757
10.01.2021 00:03:23.161,14721.911,14718.628999999999
10.01.2021 00:03:23.313,14722.271,14718.739
10.01.2021 00:03:23.643,14722.111,14719.098999999998
10.01.2021 00:03:23.770,14722.363000000001,14719.368999999999
10.01.2021 00:03:23.820,14722.821000000002,14719.589
10.01.2021 00:03:23.973,14722.311000000002,14719.018999999998
10.01.2021 00:03:25.301,14722.583,14719.239
10.01.2021 00:03:25.351,14722.691,14719.208999999999
10.01.2021 00:03:25.460,14722.743,14719.659
10.01.2021 00:03:25.511,14723.161,14719.639
10.01.2021 00:03:26.499,14723.193000000001,14719.768999999998
10.01.2021 00:03:26.549,14723.271,14719.749
10.01.2021 00:03:26.751,14723.253,14719.919
10.01.2021 00:03:26.801,14723.371000000001,14719.889
10.01.2021 00:03:27.610,14723.281,14719.886999999999
10.01.2021 00:03:27.660,14723.191,14719.708999999999
10.01.2021 00:03:27.770,14723.223,14719.839
10.01.2021 00:03:27.821,14723.301000000001,14719.919
10.01.2021 00:03:28.699,14723.383,14720.089
10.01.2021 00:03:28.749,14723.541000000001,14720.018999999998
10.01.2021 00:03:29.673,14723.261,14719.719
10.01.2021 00:03:29.723,14723.221000000001,14719.729
10.01.2021 00:03:29.834,14723.193000000001,14719.809
10.01.2021 00:03:29.884,14723.341,14719.858999999999
10.01.2021 00:03:30.183,14722.901000000002,14719.877
10.01.2021 00:03:30.233,14723.151000000002,14719.719
10.01.2021 00:03:30.428,14723.153,14719.848999999998
10.01.2021 00:03:30.479,14723.341,14719.839
10.01.2021 00:03:30.595,14723.151000000002,14719.899
10.01.2021 00:03:30.646,14723.091,14719.628999999999
10.01.2021 00:03:30.916,14723.011,14719.697
10.01.2021 00:03:30.966,14723.061000000002,14719.788999999999
10.01.2021 00:03:31.128,14723.013,14719.778999999999
10.01.2021 00:03:31.178,14723.211000000001,14719.778999999999
10.01.2021 00:03:31.288,14723.131000000001,14719.737
10.01.2021 00:03:31.338,14723.131000000001,14719.719
10.01.2021 00:03:31.609,14723.061000000002,14719.617
10.01.2021 00:03:31.659,14722.811000000002,14719.538999999999
10.01.2021 00:03:31.781,14723.073,14719.829
10.01.2021 00:03:31.832,14723.381000000001,14719.839
10.01.2021 00:03:32.088,14723.161,14719.837
10.01.2021 00:03:32.139,14723.131000000001,14719.698999999999
10.01.2021 00:03:32.570,14722.913,14719.868999999999
10.01.2021 00:03:32.621,14723.381000000001,14719.829
10.01.2021 00:03:32.729,14723.111,14719.837
10.01.2021 00:03:32.779,14723.141000000001,14719.708999999999
10.01.2021 00:03:32.902,14723.081,14719.617
10.01.2021 00:03:32.953,14723.001,14719.559
10.01.2021 00:03:33.216,14722.701000000001,14719.219
10.01.2021 00:03:33.357,14722.763,14719.909
10.01.2021 00:03:33.408,14723.341,14719.848999999998
10.01.2021 00:03:34.067,14723.211000000001,14719.886999999999
10.01.2021 00:03:34.117,14723.211000000001,14719.809
10.01.2021 00:03:35.985,14723.203000000001,14720.048999999999
10.01.2021 00:03:36.036,14723.581,14720.118999999999
10.01.2021 00:03:36.186,14723.681,14720.118999999999
10.01.2021 00:03:36.305,14723.001,14719.819
10.01.2021 00:03:36.356,14723.231000000002,14719.758999999998
10.01.2021 00:03:36.847,14723.611,14720.198999999999
10.01.2021 00:03:37.836,14723.741000000002,14720.309
10.01.2021 00:03:37.982,14723.693000000001,14721.368999999999
10.01.2021 00:03:38.033,14724.601,14721.309
10.01.2021 00:03:39.307,14724.721000000001,14721.386999999999
10.01.2021 00:03:39.358,14724.711000000001,14721.249
10.01.2021 00:03:39.487,14724.621000000001,14721.178999999998
10.01.2021 00:03:39.933,14724.593,14721.278999999999
10.01.2021 00:03:39.983,14724.731000000002,14721.268999999998
10.01.2021 00:03:40.337,14724.773000000001,14721.399
10.01.2021 00:03:40.388,14724.801000000001,14721.589
10.01.2021 00:03:40.925,14724.893,14722.089
10.01.2021 00:03:40.976,14725.511,14722.048999999999
10.01.2021 00:03:41.137,14725.341,14721.819
10.01.2021 00:03:41.246,14725.373,14722.399
10.01.2021 00:03:41.297,14725.871000000001,14722.399
10.01.2021 00:03:41.566,14725.341,14721.858999999999
10.01.2021 00:03:41.616,14725.381000000001,14721.829
10.01.2021 00:03:41.974,14725.113000000001,14722.108999999999
10.01.2021 00:03:42.024,14725.571000000002,14722.059
10.01.2021 00:03:42.134,14725.593,14722.708999999999
10.01.2021 00:03:42.184,14726.151000000002,14722.669
10.01.2021 00:03:42.295,14726.021,14722.687
10.01.2021 00:03:42.345,14726.001,14722.548999999999
10.01.2021 00:03:42.458,14725.741000000002,14722.298999999999
10.01.2021 00:03:42.614,14725.783000000001,14722.608999999999
10.01.2021 00:03:42.665,14726.011,14722.608999999999
10.01.2021 00:03:43.288,14725.813,14722.878999999999
10.01.2021 00:03:43.338,14726.381000000001,14722.858999999999
10.01.2021 00:03:43.449,14726.113000000001,14723.858999999999
10.01.2021 00:03:43.499,14727.311000000002,14723.909
10.01.2021 00:03:43.608,14727.313,14724.268999999998
10.01.2021 00:03:43.659,14727.701000000001,14724.298999999999
10.01.2021 00:03:43.778,14727.871000000001,14724.309
10.01.2021 00:03:44.438,14727.991000000002,14724.569
10.01.2021 00:03:44.656,14727.813,14725.079
10.01.2021 00:03:44.706,14728.491000000002,14725.069
10.01.2021 00:03:44.807,14728.621000000001,14725.219
10.01.2021 00:03:44.934,14728.673,14725.319
10.01.2021 00:03:44.984,14728.781,14725.378999999999
10.01.2021 00:03:45.254,14728.603000000001,14725.608999999999
10.01.2021 00:03:45.304,14728.811000000002,14725.538999999999
10.01.2021 00:03:45.430,14728.781,14725.348999999998
10.01.2021 00:03:45.836,14728.873,14726.038999999999
10.01.2021 00:03:45.886,14729.581,14726.089
10.01.2021 00:03:46.420,14729.241000000002,14725.719
10.01.2021 00:03:46.948,14728.363000000001,14725.798999999999
10.01.2021 00:03:46.998,14728.361,14724.839
10.01.2021 00:03:47.102,14728.313,14725.118999999999
10.01.2021 00:03:47.153,14728.681,14725.208999999999
10.01.2021 00:03:47.261,14728.613000000001,14725.208999999999
10.01.2021 00:03:47.311,14728.711000000001,14725.208999999999
10.01.2021 00:03:47.423,14728.783000000001,14725.628999999999
10.01.2021 00:03:47.474,14729.171,14725.659
10.01.2021 00:03:47.582,14728.731000000002,14725.309
10.01.2021 00:03:47.632,14728.701000000001,14725.258999999998
10.01.2021 00:03:47.743,14728.571000000002,14725.247
10.01.2021 00:03:47.793,14728.541000000001,14725.079
10.01.2021 00:03:48.001,14728.583,14725.169
10.01.2021 00:03:48.051,14728.591,14725.149
10.01.2021 00:03:48.675,14728.571000000002,14725.177
10.01.2021 00:03:48.726,14728.531,14725.038999999999
10.01.2021 00:03:49.064,14728.331,14725.027
10.01.2021 00:03:49.114,14728.331,14724.819
10.01.2021 00:03:49.587,14728.161,14724.827
10.01.2021 00:03:49.637,14728.131000000001,14724.618999999999
10.01.2021 00:03:49.745,14728.193000000001,14724.758999999998
10.01.2021 00:03:49.795,14728.231000000002,14724.719
10.01.2021 00:03:49.906,14727.601,14724.358999999999
10.01.2021 00:03:49.956,14727.841,14724.409
10.01.2021 00:03:50.070,14727.823,14724.688999999998
10.01.2021 00:03:50.120,14728.131000000001,14724.659
10.01.2021 00:03:50.230,14728.103000000001,14725.268999999998
10.01.2021 00:03:50.281,14728.761,14725.239
10.01.2021 00:03:50.391,14728.723,14725.839
10.01.2021 00:03:50.442,14729.341,14725.889
10.01.2021 00:03:51.072,14729.303,14726.098999999998
10.01.2021 00:03:51.122,14729.511,14726.059
10.01.2021 00:03:51.233,14729.301000000001,14726.046999999999
10.01.2021 00:03:51.283,14729.311000000002,14725.868999999999
10.01.2021 00:03:52.486,14729.001,14725.548999999999
10.01.2021 00:03:52.692,14728.581,14725.079
10.01.2021 00:03:53.768,14728.281,14725.046999999999
10.01.2021 00:03:53.818,14728.341,14724.829
10.01.2021 00:03:55.004,14728.271,14724.886999999999
10.01.2021 00:03:55.054,14728.251,14724.768999999998
10.01.2021 00:03:55.340,14728.203000000001,14724.868999999999
10.01.2021 00:03:55.391,14728.331,14724.868999999999
10.01.2021 00:03:56.078,14728.333,14725.378999999999
10.01.2021 00:03:56.128,14728.811000000002,14725.368999999999
10.01.2021 00:03:56.242,14728.813,14726.089
10.01.2021 00:03:56.293,14729.361,14725.819
10.01.2021 00:03:56.392,14729.383,14726.659
10.01.2021 00:03:56.443,14730.121000000001,14726.678999999998
10.01.2021 00:03:56.552,14730.103000000001,14726.878999999999
10.01.2021 00:03:56.602,14730.331,14726.839
10.01.2021 00:03:57.407,14730.231000000002,14726.907
10.01.2021 00:03:57.457,14730.271,14726.719
10.01.2021 00:03:57.731,14730.193000000001,14727.229
10.01.2021 00:03:57.781,14730.731000000002,14727.489
10.01.2021 00:03:57.891,14730.683,14727.688999999998
10.01.2021 00:03:57.942,14731.091,14727.628999999999
10.01.2021 00:03:58.052,14731.143,14728.079
10.01.2021 00:03:58.103,14731.581,14728.298999999999
10.01.2021 00:03:58.533,14731.583,14728.188999999998
10.01.2021 00:03:58.583,14731.611,14728.149
10.01.2021 00:03:58.693,14731.613000000001,14729.008999999998
10.01.2021 00:03:58.744,14732.501,14729.108999999999
10.01.2021 00:03:58.853,14732.353000000001,14729.059
10.01.2021 00:03:58.904,14732.101,14728.858999999999
10.01.2021 00:03:59.174,14731.581,14728.159
10.01.2021 00:03:59.224,14731.591,14728.149
10.01.2021 00:03:59.334,14731.111,14727.628999999999
10.01.2021 00:03:59.385,14731.161,14727.708999999999
10.01.2021 00:03:59.493,14730.801000000001,14727.707
10.01.2021 00:03:59.544,14731.051000000001,14727.589
10.01.2021 00:03:59.954,14730.721000000001,14727.309
10.01.2021 00:04:00.106,14730.703000000001,14728.018999999998
10.01.2021 00:04:00.156,14731.511,14728.108999999999
10.01.2021 00:04:00.285,14731.161,14727.688999999998
10.01.2021 00:04:00.438,14731.103000000001,14728.048999999999
10.01.2021 00:04:00.489,14731.311000000002,14728.298999999999
10.01.2021 00:04:01.331,14731.593,14728.219
10.01.2021 00:04:01.382,14731.771,14728.229
10.01.2021 00:04:01.980,14732.341,14728.819
10.01.2021 00:04:02.335,14732.263,14728.899
10.01.2021 00:04:02.385,14732.261,14728.739
10.01.2021 00:04:02.975,14732.273000000001,14729.378999999999
10.01.2021 00:04:03.026,14732.871000000001,14729.389
10.01.2021 00:04:03.136,14731.811000000002,14728.339
10.01.2021 00:04:03.187,14731.611,14728.339
10.01.2021 00:04:03.295,14731.793,14728.559
10.01.2021 00:04:03.345,14732.071000000002,14728.598999999998
10.01.2021 00:04:03.455,14732.093,14728.708999999999
10.01.2021 00:04:03.506,14731.911,14728.649
10.01.2021 00:04:04.096,14731.913,14728.848999999998
10.01.2021 00:04:04.146,14732.351,14728.878999999999
10.01.2021 00:04:04.257,14732.343,14729.239
10.01.2021 00:04:04.307,14732.781,14729.298999999999
10.01.2021 00:04:04.431,14732.693000000001,14729.548999999999
10.01.2021 00:04:04.482,14733.021,14729.548999999999
10.01.2021 00:04:04.742,14732.791000000001,14729.589
10.01.2021 00:04:04.792,14732.861,14729.368999999999
10.01.2021 00:04:04.909,14732.721000000001,14729.229
10.01.2021 00:04:05.065,14732.321000000002,14728.819
10.01.2021 00:04:05.115,14732.301000000001,14728.829
10.01.2021 00:04:05.238,14732.281,14728.758999999998
10.01.2021 00:04:05.385,14732.233,14729.178999999998
10.01.2021 00:04:05.435,14732.601,14729.178999999998
10.01.2021 00:04:05.569,14733.351,14729.839
10.01.2021 00:04:05.704,14733.121000000001,14729.708999999999
10.01.2021 00:04:05.755,14733.171,14729.678999999998
10.01.2021 00:04:05.898,14733.191,14729.798999999999
10.01.2021 00:04:06.024,14732.311000000002,14728.819
10.01.2021 00:04:06.075,14732.291000000001,14728.909
10.01.2021 00:04:06.229,14732.221000000001,14728.749
10.01.2021 00:04:06.345,14732.081,14728.737
10.01.2021 00:04:06.395,14732.161,14728.659
10.01.2021 00:04:06.754,14732.123,14728.899
10.01.2021 00:04:06.804,14732.341,14728.878999999999
10.01.2021 00:04:06.913,14732.341,14729.046999999999
10.01.2021 00:04:06.963,14732.311000000002,14729.008999999998
10.01.2021 00:04:07.075,14732.493,14729.719
10.01.2021 00:04:07.125,14733.121000000001,14729.618999999999
10.01.2021 00:04:07.394,14732.361,14728.839
10.01.2021 00:04:07.444,14732.351,14728.899
10.01.2021 00:04:07.554,14732.161,14728.896999999999
10.01.2021 00:04:07.604,14732.191,14728.719
10.01.2021 00:04:07.716,14732.093,14729.208999999999
10.01.2021 00:04:07.766,14732.791000000001,14729.309
10.01.2021 00:04:08.210,14733.051000000001,14729.518999999998
10.01.2021 00:04:08.364,14732.813,14730.219
10.01.2021 00:04:08.414,14733.611,14730.139
10.01.2021 00:04:08.540,14734.171,14730.708999999999
10.01.2021 00:04:08.869,14733.791000000001,14730.378999999999
10.01.2021 00:04:08.920,14733.611,14730.378999999999
10.01.2021 00:04:09.029,14733.681,14730.367
10.01.2021 00:04:09.079,14733.761,14730.309
10.01.2021 00:04:09.200,14733.161,14729.899
10.01.2021 00:04:09.250,14733.101,14729.628999999999
10.01.2021 00:04:09.398,14732.913,14729.909
10.01.2021 00:04:09.448,14733.361,14730.098999999998
10.01.2021 00:04:09.669,14732.901000000002,14729.886999999999
10.01.2021 00:04:09.719,14732.901000000002,14729.678999999998
10.01.2021 00:04:10.246,14732.811000000002,14729.399
10.01.2021 00:04:10.296,14732.781,14729.399
10.01.2021 00:04:10.405,14732.591,14729.347
10.01.2021 00:04:10.455,14732.621000000001,14729.118999999999
10.01.2021 00:04:10.566,14732.283000000001,14729.128999999999
10.01.2021 00:04:10.617,14732.331,14728.899
10.01.2021 00:04:11.516,14732.373,14729.108999999999
10.01.2021 00:04:11.567,14732.611,14729.118999999999
10.01.2021 00:04:11.943,14732.501,14729.146999999999
10.01.2021 00:04:11.993,14732.551000000001,14729.098999999998
10.01.2021 00:04:12.102,14732.361,14729.067
10.01.2021 00:04:12.152,14732.101,14728.919
10.01.2021 00:04:12.931,14732.343,14729.208999999999
10.01.2021 00:04:12.982,14732.291000000001,14728.858999999999
10.01.2021 00:04:13.491,14732.211000000001,14728.729
10.01.2021 00:04:13.821,14732.891000000001,14729.358999999999
10.01.2021 00:04:14.098,14732.803,14729.809
10.01.2021 00:04:14.149,14733.281,14729.768999999998
10.01.2021 00:04:14.584,14733.151000000002,14729.747
10.01.2021 00:04:14.634,14733.181,14729.889
10.01.2021 00:04:14.904,14733.063,14729.628999999999
10.01.2021 00:04:14.954,14733.071000000002,14729.608999999999
10.01.2021 00:04:15.063,14732.601,14729.178999999998
10.01.2021 00:04:15.113,14732.601,14729.188999999998
10.01.2021 00:04:15.223,14732.663,14729.719
10.01.2021 00:04:15.273,14733.131000000001,14729.659
10.01.2021 00:04:15.382,14732.991000000002,14729.667
10.01.2021 00:04:15.433,14733.051000000001,14729.559
10.01.2021 00:04:15.543,14733.043,14729.909
10.01.2021 00:04:15.593,14733.341,14729.858999999999
10.01.2021 00:04:16.488,14733.191,14729.877
10.01.2021 00:04:16.538,14733.261,14729.749
10.01.2021 00:04:16.677,14733.161,14729.726999999999
10.01.2021 00:04:16.727,14733.091,14729.688999999998
10.01.2021 00:04:16.836,14733.071000000002,14729.627
10.01.2021 00:04:16.887,14733.021,14729.538999999999
10.01.2021 00:04:16.997,14733.063,14729.719
10.01.2021 00:04:17.047,14733.151000000002,14729.649
10.01.2021 00:04:17.266,14732.811000000002,14729.707
10.01.2021 00:04:17.317,14733.051000000001,14729.508999999998
10.01.2021 00:04:17.454,14733.111,14729.919
10.01.2021 00:04:17.784,14732.981000000002,14729.559
10.01.2021 00:04:18.051,14733.033000000001,14729.829
10.01.2021 00:04:18.101,14733.311000000002,14730.089
10.01.2021 00:04:18.362,14733.323,14730.118999999999
10.01.2021 00:04:18.413,14733.651000000002,14730.128999999999
10.01.2021 00:04:18.521,14733.521,14730.167
10.01.2021 00:04:18.571,14733.481000000002,14730.048999999999
10.01.2021 00:04:18.682,14732.911,14729.678999999998
10.01.2021 00:04:18.732,14733.181,14729.639
10.01.2021 00:04:19.765,14731.871000000001,14728.339
10.01.2021 00:04:19.868,14731.813,14728.778999999999
10.01.2021 00:04:19.919,14732.231000000002,14728.749
10.01.2021 00:04:20.039,14732.141000000001,14728.716999999999
10.01.2021 00:04:20.090,14731.901000000002,14728.899
10.01.2021 00:04:20.191,14731.811000000002,14728.636999999999
10.01.2021 00:04:20.241,14732.001,14728.598999999998
10.01.2021 00:04:20.351,14732.003,14728.688999999998
10.01.2021 00:04:20.402,14732.111,14728.678999999998
10.01.2021 00:04:20.836,14731.913,14728.749
10.01.2021 00:04:20.886,14732.261,14728.788999999999
10.01.2021 00:04:20.997,14731.211000000001,14727.809
10.01.2021 00:04:21.048,14731.211000000001,14727.739
10.01.2021 00:04:21.157,14731.293,14727.878999999999
10.01.2021 00:04:21.208,14731.391000000001,14727.909
10.01.2021 00:04:21.317,14731.333,14728.089
10.01.2021 00:04:21.367,14731.311000000002,14728.059
10.01.2021 00:04:21.765,14730.671,14727.159
10.01.2021 00:04:21.816,14731.071000000002,14727.598999999998
10.01.2021 00:04:21.958,14730.791000000001,14727.249
10.01.2021 00:04:22.008,14730.751,14727.288999999999
10.01.2021 00:04:22.222,14730.651000000002,14727.287
10.01.2021 00:04:22.273,14730.601,14727.128999999999
10.01.2021 00:04:22.544,14730.653,14727.649
10.01.2021 00:04:22.594,14731.171,14727.669
10.01.2021 00:04:22.737,14731.061000000002,14727.518999999998
10.01.2021 00:04:22.863,14731.013,14727.628999999999
10.01.2021 00:04:22.913,14730.901000000002,14727.639
10.01.2021 00:04:23.067,14730.791000000001,14727.378999999999
10.01.2021 00:04:23.185,14730.853000000001,14727.559
10.01.2021 00:04:23.235,14731.081,14727.798999999999
10.01.2021 00:04:23.589,14730.641000000001,14727.128999999999
10.01.2021 00:04:23.640,14730.401000000002,14727.389
10.01.2021 00:04:23.762,14730.131000000001,14726.719
10.01.2021 00:04:23.909,14730.093,14727.569
10.01.2021 00:04:23.960,14731.011,14727.579
10.01.2021 00:04:25.240,14730.641000000001,14727.399
10.01.2021 00:04:25.291,14730.581,14727.128999999999
10.01.2021 00:04:25.401,14730.501,14727.028999999999
10.01.2021 00:04:25.755,14730.583,14727.889
10.01.2021 00:04:25.806,14731.141000000001,14727.889
10.01.2021 00:04:27.029,14731.101,14728.089
10.01.2021 00:04:27.845,14731.333,14728.069
10.01.2021 00:04:27.895,14731.491000000002,14728.079
10.01.2021 00:04:28.019,14731.651000000002,14728.178999999998
10.01.2021 00:04:28.506,14731.253,14728.178999999998
10.01.2021 00:04:28.556,14731.261,14727.719
10.01.2021 00:04:28.898,14731.233,14728.149
10.01.2021 00:04:28.949,14731.601,14728.128999999999
10.01.2021 00:04:29.112,14731.571000000002,14728.117
10.01.2021 00:04:29.163,14731.491000000002,14728.048999999999
10.01.2021 00:04:29.272,14731.391000000001,14728.007
10.01.2021 00:04:29.323,14731.331,14727.858999999999
10.01.2021 00:04:29.432,14731.383,14728.278999999999
10.01.2021 00:04:29.483,14731.761,14728.219
10.01.2021 00:04:30.892,14731.713,14728.559
10.01.2021 00:04:30.942,14731.991000000002,14728.518999999998
10.01.2021 00:04:31.051,14731.983,14729.399
10.01.2021 00:04:31.102,14732.691,14729.208999999999
10.01.2021 00:04:31.211,14732.413,14729.219
10.01.2021 00:04:31.261,14732.741000000002,14729.208999999999
10.01.2021 00:04:31.533,14732.713,14729.399
10.01.2021 00:04:31.583,14732.861,14729.348999999998
10.01.2021 00:04:31.693,14733.161,14729.628999999999
10.01.2021 00:04:31.851,14733.113000000001,14730.249
10.01.2021 00:04:31.902,14733.681,14730.249
10.01.2021 00:04:32.012,14733.373,14730.499
10.01.2021 00:04:32.062,14733.351,14729.829
10.01.2021 00:04:32.172,14733.011,14729.579
10.01.2021 00:04:32.222,14732.801000000001,14729.569
10.01.2021 00:04:32.337,14732.611,14729.517
10.01.2021 00:04:32.387,14732.831,14729.389
10.01.2021 00:04:32.580,14732.711000000001,14729.386999999999
10.01.2021 00:04:32.631,14732.701000000001,14729.489
10.01.2021 00:04:32.741,14732.621000000001,14729.226999999999
10.01.2021 00:04:32.792,14732.661,14729.149
10.01.2021 00:04:33.061,14732.663,14729.378999999999
10.01.2021 00:04:33.111,14732.801000000001,14729.329
10.01.2021 00:04:35.092,14732.591,14729.367
10.01.2021 00:04:35.143,14732.591,14729.149
10.01.2021 00:04:35.283,14731.831,14728.339
10.01.2021 00:04:35.414,14731.401000000002,14728.317
10.01.2021 00:04:35.464,14731.671,14728.188999999998
10.01.2021 00:04:35.613,14731.721000000001,14728.268999999998
10.01.2021 00:04:35.943,14731.611,14728.149
10.01.2021 00:04:36.136,14731.613000000001,14728.219
10.01.2021 00:04:36.187,14731.781,14728.239
10.01.2021 00:04:37.205,14731.703000000001,14729.169
10.01.2021 00:04:37.255,14732.611,14729.198999999999
10.01.2021 00:04:37.514,14732.663,14729.389
10.01.2021 00:04:37.564,14732.821000000002,14729.368999999999
10.01.2021 00:04:37.683,14731.831,14728.329
10.01.2021 00:04:37.733,14731.791000000001,14728.399
10.01.2021 00:04:37.834,14731.771,14728.499
10.01.2021 00:04:37.884,14731.771,14728.319
10.01.2021 00:04:37.995,14731.773000000001,14728.628999999999
10.01.2021 00:04:38.045,14732.161,14728.698999999999
10.01.2021 00:04:38.153,14731.781,14728.249
10.01.2021 00:04:38.204,14731.781,14728.309
10.01.2021 00:04:38.315,14731.703000000001,14728.399
10.01.2021 00:04:38.365,14731.831,14728.399
10.01.2021 00:04:38.476,14731.883,14728.889
10.01.2021 00:04:38.526,14732.091,14728.608999999999
10.01.2021 00:04:38.636,14731.861,14728.389
10.01.2021 00:04:38.686,14731.811000000002,14728.319
10.01.2021 00:04:38.796,14731.823,14728.649
10.01.2021 00:04:38.846,14732.141000000001,14728.708999999999
10.01.2021 00:04:39.326,14732.103000000001,14728.758999999998
10.01.2021 00:04:39.377,14732.271,14728.729
10.01.2021 00:04:39.490,14731.801000000001,14728.329
10.01.2021 00:04:39.540,14731.851,14728.339
10.01.2021 00:04:39.645,14731.803,14728.569
10.01.2021 00:04:39.695,14732.001,14728.528999999999
10.01.2021 00:04:39.807,14731.993,14728.758999999998
10.01.2021 00:04:39.857,14732.201000000001,14728.788999999999
10.01.2021 00:04:40.677,14732.203000000001,14729.108999999999
10.01.2021 00:04:40.728,14732.561000000002,14729.059
10.01.2021 00:04:41.235,14732.291000000001,14729.056999999999
10.01.2021 00:04:41.285,14732.281,14728.919
10.01.2021 00:04:41.396,14732.261,14728.857
10.01.2021 00:04:41.446,14732.201000000001,14728.719
10.01.2021 00:04:41.572,14731.771,14728.239
10.01.2021 00:04:41.622,14731.691,14728.208999999999
10.01.2021 00:04:41.715,14731.763,14728.688999999998
10.01.2021 00:04:41.765,14732.131000000001,14728.639
10.01.2021 00:04:41.883,14731.601,14728.389
10.01.2021 00:04:42.320,14731.741000000002,14728.357
10.01.2021 00:04:42.370,14731.711000000001,14728.229
10.01.2021 00:04:43.136,14731.743,14728.719
10.01.2021 00:04:43.186,14732.091,14728.659
10.01.2021 00:04:43.293,14732.163,14729.589
10.01.2021 00:04:43.344,14732.831,14729.378999999999
10.01.2021 00:04:43.455,14732.893,14730.219
10.01.2021 00:04:43.505,14733.751,14730.258999999998
10.01.2021 00:04:43.615,14733.683,14730.618999999999
10.01.2021 00:04:43.665,14734.121000000001,14730.688999999998
10.01.2021 00:04:44.295,14733.851,14730.378999999999
10.01.2021 00:04:44.346,14733.871000000001,14730.589
10.01.2021 00:04:44.455,14733.793,14730.538999999999
10.01.2021 00:04:44.506,14734.011,14730.528999999999
10.01.2021 00:04:44.882,14733.993,14730.649
10.01.2021 00:04:44.932,14734.091,14730.719
10.01.2021 00:04:46.096,14733.751,14730.319
10.01.2021 00:04:46.146,14733.701000000001,14730.288999999999
10.01.2021 00:04:46.253,14733.773000000001,14730.598999999998
10.01.2021 00:04:46.303,14733.851,14730.399
10.01.2021 00:04:46.414,14733.771,14730.377
10.01.2021 00:04:46.465,14733.691,14730.268999999998
10.01.2021 00:04:46.742,14733.723,14730.389
10.01.2021 00:04:46.793,14733.851,14730.339
10.01.2021 00:04:47.102,14733.731000000002,14730.337
10.01.2021 00:04:47.153,14733.781,14730.489
10.01.2021 00:04:47.660,14733.201000000001,14729.749
10.01.2021 00:04:47.710,14733.251,14729.749
10.01.2021 00:04:48.155,14733.351,14729.889
10.01.2021 00:04:48.485,14734.101,14730.829
10.01.2021 00:04:49.350,14733.881000000001,14730.348999999998
10.01.2021 00:04:49.400,14733.871000000001,14730.368999999999
10.01.2021 00:04:49.511,14733.781,14730.396999999999
10.01.2021 00:04:49.561,14733.511,14730.309
10.01.2021 00:04:49.671,14733.491000000002,14730.288999999999
10.01.2021 00:04:50.364,14733.031,14729.538999999999
10.01.2021 00:04:50.414,14733.011,14729.548999999999
10.01.2021 00:04:50.675,14733.003,14729.659
10.01.2021 00:04:50.725,14733.141000000001,14729.899
10.01.2021 00:04:50.835,14733.103000000001,14729.839
10.01.2021 00:04:50.886,14733.361,14730.098999999998
10.01.2021 00:04:50.995,14733.353000000001,14730.149
10.01.2021 00:04:51.045,14733.581,14730.139
10.01.2021 00:04:51.630,14733.403,14730.258999999998
10.01.2021 00:04:51.680,14733.771,14730.219
10.01.2021 00:04:52.535,14733.661,14730.216999999999
10.01.2021 00:04:52.585,14733.691,14730.188999999998
10.01.2021 00:04:52.696,14733.541000000001,14730.298999999999
10.01.2021 00:04:52.747,14733.301000000001,14730.069
10.01.2021 00:04:52.856,14733.483,14730.329
10.01.2021 00:04:52.906,14733.831,14730.358999999999
10.01.2021 00:04:53.177,14733.531,14730.069
10.01.2021 00:04:53.228,14733.521,14730.108999999999
10.01.2021 00:04:53.336,14733.543,14730.348999999998
10.01.2021 00:04:53.386,14733.881000000001,14730.399
10.01.2021 00:04:53.497,14733.631000000001,14730.317
10.01.2021 00:04:53.547,14733.411,14730.198999999999
10.01.2021 00:04:53.658,14733.731000000002,14730.249
10.01.2021 00:04:53.818,14733.411,14730.296999999999
10.01.2021 00:04:53.868,14733.691,14730.178999999998
10.01.2021 00:04:53.979,14733.653,14730.419
10.01.2021 00:04:54.029,14733.791000000001,14730.358999999999
10.01.2021 00:04:54.157,14733.833,14730.559
10.01.2021 00:04:54.208,14734.011,14730.608999999999
10.01.2021 00:04:54.323,14733.821000000002,14730.409
10.01.2021 00:04:54.374,14733.871000000001,14730.339
10.01.2021 00:04:54.638,14733.681,14730.386999999999
10.01.2021 00:04:54.689,14733.771,14730.268999999998
10.01.2021 00:04:54.810,14733.683,14731.089
10.01.2021 00:04:54.860,14734.311000000002,14730.819
10.01.2021 00:04:55.445,14734.141000000001,14730.817
10.01.2021 00:04:55.495,14734.131000000001,14730.698999999999
10.01.2021 00:04:55.605,14734.163,14730.909
10.01.2021 00:04:55.656,14734.291000000001,14730.909
10.01.2021 00:04:56.333,14734.191,14730.817
10.01.2021 00:04:56.384,14734.251,14730.999
10.01.2021 00:04:56.493,14734.223,14730.868999999999
10.01.2021 00:04:56.544,14734.281,14730.878999999999
10.01.2021 00:04:57.080,14734.201000000001,14730.827
10.01.2021 00:04:57.131,14734.241000000002,14730.788999999999
10.01.2021 00:04:57.397,14734.291000000001,14730.848999999998
10.01.2021 00:04:58.904,14734.303,14731.069
10.01.2021 00:04:58.954,14734.501,14731.069
10.01.2021 00:04:59.054,14734.321000000002,14731.087
10.01.2021 00:04:59.105,14734.341,14730.909
10.01.2021 00:04:59.379,14734.191,14730.708999999999
10.01.2021 00:04:59.955,14734.233,14730.858999999999
10.01.2021 00:05:00.006,14734.381000000001,14730.809
10.01.2021 00:05:00.115,14734.113000000001,14731.298999999999
10.01.2021 00:05:00.165,14734.501,14731.048999999999
10.01.2021 00:05:00.278,14734.503,14731.618999999999
10.01.2021 00:05:00.328,14735.121000000001,14731.669
10.01.2021 00:05:01.118,14734.731000000002,14731.298999999999
10.01.2021 00:05:01.168,14734.511,14731.278999999999
10.01.2021 00:05:01.280,14734.693000000001,14731.538999999999
10.01.2021 00:05:01.331,14735.081,14731.569
10.01.2021 00:05:01.449,14735.023000000001,14732.149
10.01.2021 00:05:01.500,14735.621000000001,14732.169
10.01.2021 00:05:01.600,14735.593,14732.489
10.01.2021 00:05:01.651,14735.691,14732.489
10.01.2021 00:05:02.020,14735.551000000001,14732.048999999999
10.01.2021 00:05:02.161,14735.251,14731.768999999998
10.01.2021 00:05:02.212,14735.261,14731.809
10.01.2021 00:05:02.430,14735.273000000001,14731.868999999999
10.01.2021 00:05:02.480,14735.341,14731.809
10.01.2021 00:05:02.592,14735.131000000001,14731.847
10.01.2021 00:05:02.642,14734.911,14731.678999999998
10.01.2021 00:05:03.085,14734.511,14731.008999999998
10.01.2021 00:05:03.135,14734.521,14731.028999999999
10.01.2021 00:05:03.392,14734.553,14731.139
10.01.2021 00:05:03.443,14734.651000000002,14731.208999999999
10.01.2021 00:05:04.103,14734.633,14731.548999999999
10.01.2021 00:05:04.154,14735.041000000001,14731.598999999998
10.01.2021 00:05:04.264,14734.891000000001,14731.409
10.01.2021 00:05:04.315,14734.611,14731.319
10.01.2021 00:05:04.713,14734.161,14730.899
10.01.2021 00:05:04.764,14734.161,14730.618999999999
10.01.2021 00:05:05.008,14734.093,14730.729
10.01.2021 00:05:05.058,14734.291000000001,14730.749
10.01.2021 00:05:05.167,14734.233,14731.028999999999
10.01.2021 00:05:05.218,14734.561000000002,14731.059
10.01.2021 00:05:05.328,14734.231000000002,14730.719
10.01.2021 00:05:05.378,14734.241000000002,14730.739
10.01.2021 00:05:05.651,14733.911,14730.628999999999
10.01.2021 00:05:05.775,14733.481000000002,14730.018999999998
10.01.2021 00:05:05.825,14733.551000000001,14730.018999999998
10.01.2021 00:05:06.186,14733.131000000001,14729.719
10.01.2021 00:05:06.236,14733.151000000002,14729.698999999999
10.01.2021 00:05:06.345,14733.123,14729.708999999999
10.01.2021 00:05:06.395,14733.221000000001,14729.989
10.01.2021 00:05:06.829,14732.801000000001,14729.348999999998
10.01.2021 00:05:06.879,14732.871000000001,14729.329
10.01.2021 00:05:06.988,14732.863000000001,14729.678999999998
10.01.2021 00:05:07.038,14733.111,14729.649
10.01.2021 00:05:07.148,14733.103000000001,14729.788999999999
10.01.2021 00:05:07.198,14733.251,14729.758999999998
10.01.2021 00:05:07.309,14733.011,14729.737
10.01.2021 00:05:07.359,14733.031,14729.518999999998
10.01.2021 00:05:07.673,14732.891000000001,14729.546999999999
10.01.2021 00:05:07.723,14732.861,14729.409
10.01.2021 00:05:09.550,14732.893,14729.719
10.01.2021 00:05:09.600,14732.911,14729.639
10.01.2021 00:05:09.943,14733.211000000001,14729.798999999999
10.01.2021 00:05:10.097,14733.041000000001,14729.716999999999
10.01.2021 00:05:10.147,14732.981000000002,14729.538999999999
10.01.2021 00:05:10.273,14732.821000000002,14729.409
10.01.2021 00:05:10.416,14732.823,14729.848999999998
10.01.2021 00:05:10.467,14733.321000000002,14729.909
10.01.2021 00:05:11.067,14733.373,14730.159
10.01.2021 00:05:11.117,14733.661,14730.118999999999
10.01.2021 00:05:11.263,14733.741000000002,14730.288999999999
10.01.2021 00:05:11.398,14733.753,14730.809
10.01.2021 00:05:11.448,14734.281,14730.909
10.01.2021 00:05:11.681,14734.241000000002,14730.907
10.01.2021 00:05:11.731,14734.281,14730.719
10.01.2021 00:05:11.843,14734.283000000001,14731.399
10.01.2021 00:05:11.893,14734.631000000001,14731.219
10.01.2021 00:05:12.269,14734.583,14731.309
10.01.2021 00:05:12.320,14734.781,14731.309
10.01.2021 00:05:12.738,14734.733,14731.508999999998
10.01.2021 00:05:12.788,14735.091,14731.589
10.01.2021 00:05:12.912,14735.211000000001,14731.768999999998
10.01.2021 00:05:13.243,14735.021,14731.798999999999
10.01.2021 00:05:13.374,14735.073,14731.839
10.01.2021 00:05:13.424,14735.311000000002,14731.819
10.01.2021 00:05:14.031,14735.393,14732.018999999998
10.01.2021 00:05:14.081,14735.511,14732.038999999999
10.01.2021 00:05:14.669,14735.211000000001,14731.719
10.01.2021 00:05:14.719,14735.191,14731.989
10.01.2021 00:05:14.976,14735.233,14732.059
10.01.2021 00:05:15.026,14735.521,14732.108999999999
10.01.2021 00:05:15.100,14735.593,14732.499
10.01.2021 00:05:15.151,14735.691,14732.298999999999
10.01.2021 00:05:15.260,14735.513,14732.319
10.01.2021 00:05:15.311,14735.821000000002,14732.378999999999
10.01.2021 00:05:15.790,14735.741000000002,14732.357
10.01.2021 00:05:15.840,14735.791000000001,14732.208999999999
10.01.2021 00:05:15.951,14735.713,14732.329
10.01.2021 00:05:16.001,14735.801000000001,14732.329
10.01.2021 00:05:16.338,14735.671,14732.317
10.01.2021 00:05:16.388,14735.641000000001,14732.149
10.01.2021 00:05:16.544,14735.811000000002,14732.348999999998
10.01.2021 00:05:16.659,14735.501,14732.089
10.01.2021 00:05:16.709,14735.571000000002,14732.048999999999
10.01.2021 00:05:17.449,14734.591,14731.188999999998
10.01.2021 00:05:17.610,14734.613000000001,14731.288999999999
10.01.2021 00:05:17.661,14734.731000000002,14731.249
10.01.2021 00:05:17.951,14734.723,14731.389
10.01.2021 00:05:18.002,14734.871000000001,14731.368999999999
10.01.2021 00:05:19.296,14734.781,14731.337
10.01.2021 00:05:19.346,14734.681,14731.268999999998
10.01.2021 00:05:19.455,14734.291000000001,14730.848999999998
10.01.2021 00:05:19.505,14734.321000000002,14730.858999999999
10.01.2021 00:05:20.387,14734.103000000001,14731.008999999998
10.01.2021 00:05:20.437,14734.521,14731.288999999999
10.01.2021 00:05:20.548,14734.311000000002,14731.007
10.01.2021 00:05:20.598,14734.331,14730.919
10.01.2021 00:05:20.708,14734.121000000001,14730.867
10.01.2021 00:05:20.758,14734.181,14730.618999999999
10.01.2021 00:05:21.049,14734.143,14730.788999999999
10.01.2021 00:05:21.100,14734.191,14730.768999999998
10.01.2021 00:05:22.184,14734.131000000001,14730.777
10.01.2021 00:05:22.234,14734.161,14730.628999999999
10.01.2021 00:05:22.345,14734.103000000001,14730.729
10.01.2021 00:05:22.395,14734.241000000002,14730.739
10.01.2021 00:05:23.267,14734.203000000001,14730.919
10.01.2021 00:05:23.318,14734.341,14730.919
10.01.2021 00:05:23.527,14734.333,14731.538999999999
10.01.2021 00:05:23.578,14735.051000000001,14731.548999999999
10.01.2021 00:05:23.938,14734.851,14731.517
10.01.2021 00:05:23.988,14734.831,14731.368999999999
10.01.2021 00:05:24.815,14734.823,14731.518999999998
10.01.2021 00:05:24.865,14735.081,14731.518999999998
10.01.2021 00:05:26.116,14734.511,14731.278999999999
10.01.2021 00:05:26.256,14734.513,14731.589
10.01.2021 00:05:26.306,14735.051000000001,14731.528999999999
10.01.2021 00:05:27.326,14734.893,14731.598999999998
10.01.2021 00:05:27.376,14734.871000000001,14731.409
10.01.2021 00:05:27.485,14734.893,14731.708999999999
10.01.2021 00:05:27.535,14735.091,14731.659
10.01.2021 00:05:28.268,14735.011,14731.707
10.01.2021 00:05:28.318,14735.041000000001,14731.608999999999
10.01.2021 00:05:28.430,14734.811000000002,14731.527
10.01.2021 00:05:28.480,14734.831,14731.409
10.01.2021 00:05:28.630,14734.863000000001,14731.508999999998
10.01.2021 00:05:28.680,14735.021,14731.788999999999
10.01.2021 00:05:29.217,14735.121000000001,14731.719
10.01.2021 00:05:29.871,14735.083,14732.018999999998
10.01.2021 00:05:29.921,14735.491000000002,14732.118999999999
10.01.2021 00:05:30.351,14735.323,14732.059
10.01.2021 00:05:30.401,14735.361,14731.868999999999
10.01.2021 00:05:31.607,14735.343,14732.298999999999
10.01.2021 00:05:31.657,14735.571000000002,14732.048999999999
10.01.2021 00:05:31.770,14735.331,14732.067
10.01.2021 00:05:31.820,14735.381000000001,14731.839
10.01.2021 00:05:32.088,14735.383,14732.298999999999
10.01.2021 00:05:32.138,14735.531,14732.028999999999
10.01.2021 00:05:32.251,14735.381000000001,14732.087
10.01.2021 00:05:32.301,14735.101,14731.858999999999
10.01.2021 00:05:32.409,14735.283000000001,14732.089
10.01.2021 00:05:32.460,14735.571000000002,14732.108999999999
10.01.2021 00:05:32.729,14735.301000000001,14732.037
10.01.2021 00:05:32.779,14735.371000000001,14731.909
10.01.2021 00:05:33.153,14735.251,14731.827
10.01.2021 00:05:33.203,14735.211000000001,14731.719
10.01.2021 00:05:33.312,14735.091,14731.747
10.01.2021 00:05:33.362,14735.111,14731.639
10.01.2021 00:05:34.835,14734.903,14731.999
10.01.2021 00:05:34.885,14735.271,14731.749
10.01.2021 00:05:35.082,14735.193000000001,14732.128999999999
10.01.2021 00:05:35.132,14735.621000000001,14732.139
10.01.2021 00:05:35.243,14735.241000000002,14731.758999999998
10.01.2021 00:05:35.293,14735.241000000002,14731.798999999999
10.01.2021 00:05:38.162,14735.183,14732.348999999998
10.01.2021 00:05:38.212,14735.851,14732.399
10.01.2021 00:05:38.660,14735.761,14732.309
10.01.2021 00:05:38.783,14735.531,14732.257
10.01.2021 00:05:38.834,14735.541000000001,14732.298999999999
10.01.2021 00:05:39.476,14735.121000000001,14731.659
10.01.2021 00:05:39.526,14735.151000000002,14731.628999999999
10.01.2021 00:05:39.651,14735.241000000002,14731.809
10.01.2021 00:05:40.693,14735.151000000002,14731.767
10.01.2021 00:05:40.743,14735.161,14731.608999999999
10.01.2021 00:05:40.854,14734.913,14731.758999999998
10.01.2021 00:05:40.904,14735.011,14731.819
10.01.2021 00:05:41.962,14735.381000000001,14731.909
10.01.2021 00:05:42.086,14735.323,14732.298999999999
10.01.2021 00:05:42.137,14735.751,14732.288999999999
10.01.2021 00:05:42.414,14735.713,14732.348999999998
10.01.2021 00:05:42.464,14735.851,14732.409
10.01.2021 00:05:42.622,14736.311000000002,14732.839
10.01.2021 00:05:42.894,14736.291000000001,14732.806999999999
10.01.2021 00:05:42.944,14736.251,14732.739
10.01.2021 00:05:43.138,14736.283000000001,14732.829
10.01.2021 00:05:43.188,14736.111,14732.858999999999
10.01.2021 00:05:44.097,14736.101,14732.827
10.01.2021 00:05:44.148,14736.141000000001,14732.698999999999
10.01.2021 00:05:44.273,14736.321000000002,14732.878999999999
10.01.2021 00:05:46.590,14736.281,14732.806999999999
10.01.2021 00:05:46.641,14736.271,14732.819
10.01.2021 00:05:46.750,14736.001,14732.777
10.01.2021 00:05:46.800,14735.801000000001,14732.618999999999
10.01.2021 00:05:46.991,14735.983,14732.708999999999
10.01.2021 00:05:47.042,14736.161,14732.678999999998
10.01.2021 00:05:47.150,14735.903,14732.989
10.01.2021 00:05:47.201,14736.271,14732.739
10.01.2021 00:05:47.312,14736.223,14733.579
10.01.2021 00:05:47.362,14737.051000000001,14733.548999999999
10.01.2021 00:05:48.236,14736.711000000001,14733.219
10.01.2021 00:05:48.365,14736.581,14733.226999999999
10.01.2021 00:05:48.416,14736.491000000002,14733.108999999999
10.01.2021 00:05:48.567,14736.621000000001,14733.399
10.01.2021 00:05:48.686,14736.633,14733.348999999998
10.01.2021 00:05:48.736,14736.791000000001,14733.319
10.01.2021 00:05:48.845,14736.843,14733.788999999999
10.01.2021 00:05:48.896,14737.071000000002,14733.598999999998
10.01.2021 00:05:49.006,14736.811000000002,14733.507
10.01.2021 00:05:49.056,14736.801000000001,14733.589
10.01.2021 00:05:49.165,14736.873,14733.798999999999
10.01.2021 00:05:49.216,14737.031,14733.798999999999
10.01.2021 00:05:49.556,14737.171,14733.618999999999
10.01.2021 00:05:49.887,14737.271,14733.809
10.01.2021 00:05:50.166,14736.211000000001,14732.809
10.01.2021 00:05:50.217,14736.001,14732.999
10.01.2021 00:05:50.939,14736.253,14732.909
10.01.2021 00:05:50.989,14736.291000000001,14732.848999999998
10.01.2021 00:05:51.269,14736.313,14733.919
10.01.2021 00:05:51.320,14737.381000000001,14733.878999999999
10.01.2021 00:05:51.635,14737.041000000001,14733.598999999998
10.01.2021 00:05:51.686,14737.061000000002,14733.589
10.01.2021 00:05:51.797,14736.871000000001,14733.389
10.01.2021 00:05:51.848,14736.881000000001,14733.319
10.01.2021 00:05:52.749,14736.823,14733.829
10.01.2021 00:05:52.799,14737.371000000001,14734.089
10.01.2021 00:05:52.900,14737.001,14733.719
10.01.2021 00:05:53.915,14737.263,14733.819
10.01.2021 00:05:53.966,14737.351,14733.889
10.01.2021 00:05:54.120,14737.353000000001,14734.489
10.01.2021 00:05:54.171,14737.721000000001,14734.229
10.01.2021 00:05:54.280,14737.051000000001,14733.618999999999
10.01.2021 00:05:54.330,14737.031,14733.798999999999
10.01.2021 00:05:54.452,14736.681,14733.288999999999
10.01.2021 00:05:54.502,14736.701000000001,14733.229
10.01.2021 00:05:54.921,14736.703000000001,14733.378999999999
10.01.2021 00:05:54.972,14736.781,14733.348999999998
10.01.2021 00:05:55.341,14736.611,14733.357
10.01.2021 00:05:55.392,14736.611,14733.139
10.01.2021 00:05:56.161,14736.701000000001,14733.298999999999
10.01.2021 00:05:56.335,14736.763,14733.878999999999
10.01.2021 00:05:56.385,14737.321000000002,14733.819
10.01.2021 00:05:56.638,14737.121000000001,14733.827
10.01.2021 00:05:56.688,14737.121000000001,14733.669
10.01.2021 00:05:57.063,14737.093,14734.069
10.01.2021 00:05:57.113,14737.501,14734.089
10.01.2021 00:05:57.226,14737.141000000001,14733.618999999999
10.01.2021 00:05:57.276,14736.901000000002,14733.899
10.01.2021 00:05:58.208,14736.781,14733.378999999999
10.01.2021 00:05:58.258,14736.841,14733.329
10.01.2021 00:05:58.668,14736.873,14733.618999999999
10.01.2021 00:05:58.719,14737.051000000001,14733.589
10.01.2021 00:06:00.333,14736.851,14733.577
10.01.2021 00:06:00.384,14736.831,14733.389
10.01.2021 00:06:00.815,14736.603000000001,14733.528999999999
10.01.2021 00:06:00.865,14737.031,14733.548999999999
10.01.2021 00:06:01.021,14737.063,14733.618999999999
10.01.2021 00:06:01.071,14737.091,14733.628999999999
10.01.2021 00:06:04.742,14737.221000000001,14733.749
10.01.2021 00:06:05.012,14737.263,14734.298999999999
10.01.2021 00:06:05.063,14737.791000000001,14734.258999999998
10.01.2021 00:06:05.733,14737.851,14734.319
10.01.2021 00:06:05.864,14737.883,14734.569
10.01.2021 00:06:05.914,14738.051000000001,14734.538999999999
10.01.2021 00:06:06.086,14737.843,14734.618999999999
10.01.2021 00:06:06.136,14737.601,14734.329
10.01.2021 00:06:06.394,14737.883,14734.618999999999
10.01.2021 00:06:06.444,14738.071000000002,14734.618999999999
10.01.2021 00:06:09.693,14738.001,14734.809
10.01.2021 00:06:10.077,14738.283000000001,14734.868999999999
10.01.2021 00:06:10.128,14738.321000000002,14734.819
10.01.2021 00:06:10.239,14738.211000000001,14734.999
10.01.2021 00:06:10.289,14738.271,14734.719
10.01.2021 00:06:10.929,14738.001,14734.796999999999
10.01.2021 00:06:10.979,14738.041000000001,14734.618999999999
10.01.2021 00:06:11.091,14737.661,14734.188999999998
10.01.2021 00:06:11.141,14737.601,14734.188999999998
10.01.2021 00:06:12.052,14737.653,14734.229
10.01.2021 00:06:12.102,14737.691,14734.249
10.01.2021 00:06:12.507,14737.773000000001,14734.378999999999
10.01.2021 00:06:12.558,14737.611,14734.409
10.01.2021 00:06:12.898,14737.853000000001,14734.548999999999
10.01.2021 00:06:12.949,14738.011,14734.528999999999
10.01.2021 00:06:13.539,14738.033000000001,14734.639
10.01.2021 00:06:13.590,14738.181,14734.628999999999
10.01.2021 00:06:13.723,14738.183,14735.079
10.01.2021 00:06:13.774,14738.541000000001,14735.038999999999
10.01.2021 00:06:15.105,14738.493,14735.128999999999
10.01.2021 00:06:15.156,14738.621000000001,14735.399
10.01.2021 00:06:15.304,14738.701000000001,14735.288999999999
10.01.2021 00:06:15.428,14738.691,14735.237
10.01.2021 00:06:15.478,14738.591,14735.178999999998
10.01.2021 00:06:16.170,14738.633,14735.319
10.01.2021 00:06:16.220,14738.701000000001,14735.288999999999
10.01.2021 00:06:16.519,14738.673,14735.309
10.01.2021 00:06:16.569,14738.681,14735.188999999998
10.01.2021 00:06:17.116,14738.683,14735.229
10.01.2021 00:06:17.167,14738.721000000001,14735.278999999999
10.01.2021 00:06:17.614,14738.841,14735.329
10.01.2021 00:06:18.471,14738.843,14735.589
10.01.2021 00:06:18.522,14739.011,14735.518999999998
10.01.2021 00:06:19.008,14739.111,14735.678999999998
10.01.2021 00:06:19.306,14739.183,14735.858999999999
10.01.2021 00:06:19.356,14739.321000000002,14735.819
10.01.2021 00:06:19.467,14739.363000000001,14736.059
10.01.2021 00:06:19.518,14739.531,14736.108999999999
10.01.2021 00:06:19.627,14739.533000000001,14736.358999999999
10.01.2021 00:06:19.677,14739.851,14736.309
10.01.2021 00:06:19.787,14740.021,14736.579
10.01.2021 00:06:19.948,14739.831,14736.598999999998
10.01.2021 00:06:19.998,14739.801000000001,14736.358999999999
10.01.2021 00:06:20.183,14739.751,14736.396999999999
10.01.2021 00:06:20.234,14739.761,14736.258999999998
10.01.2021 00:06:20.341,14739.311000000002,14736.257
10.01.2021 00:06:20.391,14739.491000000002,14736.018999999998
10.01.2021 00:06:20.502,14739.313,14736.149
10.01.2021 00:06:20.552,14739.611,14736.108999999999
10.01.2021 00:06:20.824,14739.561000000002,14736.177
10.01.2021 00:06:20.874,14739.541000000001,14736.089
